stock,top5_buyers,top5_sellers,net_volume,daily_summary,avg_buy_price_buyers,avg_sell_price_buyers,avg_buy_price_sellers,avg_sell_price_sellers,buyers_detail,sellers_detail
BBNI,"1. AZ: 140,125 lot (64.83B) [Retail] | Avg Buy: 4,626
2. MG: 103,499 lot (47.76B) [Mix] | Avg Buy: 4,615
3. DX: 81,615 lot (37.75B) [Bandar] | Avg Buy: 4,626
4. OD: 68,515 lot (31.93B) [Bandar] | Avg Buy: 4,646 | Avg Sell: 4,602
5. IF: 47,982 lot (22.27B) [Mix] | Avg Buy: 4,642","1. BK: 300,747 lot (139.33B) [Bandar] | Avg Sell: 4,633
2. CC: 197,978 lot (91.84B) [Mix] | Avg Sell: 4,639
3. BB: 110,251 lot (51.10B) [Mix] | Avg Buy: 4,630 | Avg Sell: 4,635
4. ZP: 28,512 lot (13.16B) [Bandar] | Avg Sell: 4,617
5. PG: 26,790 lot (12.31B) [Mix] | Avg Sell: 4,595",-222542,"Buyer: Mix 34%, Seller: Mix 50% | Avg Buy Price: 4,631 | Avg Sell Price: 4,624",4631.0,4602.0,4630.0,4623.8,"[{'broker': 'AZ', 'net_lot': 140125, 'net_value': 64826133900, 'avg_buy_price': 4626, 'avg_sell_price': None, 'category': 'Retail'}, {'broker': 'MG', 'net_lot': 103499, 'net_value': 47763715600, 'avg_buy_price': 4615, 'avg_sell_price': None, 'category': 'Mix'}, {'broker': 'DX', 'net_lot': 81615, 'net_value': 37754672100, 'avg_buy_price': 4626, 'avg_sell_price': None, 'category': 'Bandar'}, {'broker': 'OD', 'net_lot': 68515, 'net_value': 31925252200, 'avg_buy_price': 4646, 'avg_sell_price': 4602, 'category': 'Bandar'}, {'broker': 'IF', 'net_lot': 47982, 'net_value': 22272298600, 'avg_buy_price': 4642, 'avg_sell_price': None, 'category': 'Mix'}]","[{'broker': 'BK', 'net_lot': 300747, 'net_value': 139331006600, 'avg_buy_price': None, 'avg_sell_price': 4633, 'category': 'Bandar'}, {'broker': 'CC', 'net_lot': 197978, 'net_value': 91836064000, 'avg_buy_price': None, 'avg_sell_price': 4639, 'category': 'Mix'}, {'broker': 'BB', 'net_lot': 110251, 'net_value': 51101634000, 'avg_buy_price': 4630, 'avg_sell_price': 4635, 'category': 'Mix'}, {'broker': 'ZP', 'net_lot': 28512, 'net_value': 13163233600, 'avg_buy_price': None, 'avg_sell_price': 4617, 'category': 'Bandar'}, {'broker': 'PG', 'net_lot': 26790, 'net_value': 12309131000, 'avg_buy_price': None, 'avg_sell_price': 4595, 'category': 'Mix'}]"
CLPI,"1. XL: 518 lot (80.70M) [Retail] | Avg Buy: 1,558
2. YB: 312 lot (48.45M) [Retail] | Avg Buy: 1,553
3. PD: 251 lot (39.01M) [Mix] | Avg Buy: 1,554
4. GR: 156 lot (24.13M) [Bandar] | Avg Buy: 1,547
5. NI: 124 lot (19.38M) [Bandar] | Avg Buy: 1,563","1. AZ: 1,581 lot (245.69M) [Retail] | Avg Sell: 1,554
2. SQ: 95 lot (14.87M) [Bandar] | Avg Sell: 1,565
3. KK: 77 lot (12.17M) [Bandar] | Avg Sell: 1,580",-392,"Buyer: Retail 61%, Seller: Retail 90% | Avg Buy Price: 1,555 | Avg Sell Price: 1,566",1555.0,,,1566.3333333333333,"[{'broker': 'XL', 'net_lot': 518, 'net_value': 80704400, 'avg_buy_price': 1558, 'avg_sell_price': None, 'category': 'Retail'}, {'broker': 'YB', 'net_lot': 312, 'net_value': 48453600, 'avg_buy_price': 1553, 'avg_sell_price': None, 'category': 'Retail'}, {'broker': 'PD', 'net_lot': 251, 'net_value': 39005400, 'avg_buy_price': 1554, 'avg_sell_price': None, 'category': 'Mix'}, {'broker': 'GR', 'net_lot': 156, 'net_value': 24133200, 'avg_buy_price': 1547, 'avg_sell_price': None, 'category': 'Bandar'}, {'broker': 'NI', 'net_lot': 124, 'net_value': 19381200, 'avg_buy_price': 1563, 'avg_sell_price': None, 'category': 'Bandar'}]","[{'broker': 'AZ', 'net_lot': 1581, 'net_value': 245687400, 'avg_buy_price': None, 'avg_sell_price': 1554, 'category': 'Retail'}, {'broker': 'SQ', 'net_lot': 95, 'net_value': 14867500, 'avg_buy_price': None, 'avg_sell_price': 1565, 'category': 'Bandar'}, {'broker': 'KK', 'net_lot': 77, 'net_value': 12166000, 'avg_buy_price': None, 'avg_sell_price': 1580, 'category': 'Bandar'}]"
DSFI,"1. KK: 66,094 lot (766.69M) [Bandar] | Avg Buy: 116
2. XL: 53,571 lot (620.60M) [Retail] | Avg Buy: 115 | Avg Sell: 103
3. YP: 43,821 lot (498.81M) [Mix] | Avg Buy: 114
4. PD: 13,098 lot (146.67M) [Mix] | Avg Buy: 112
5. EP: 4,218 lot (47.66M) [Mix] | Avg Buy: 113","1. CC: 113,707 lot (1.33B) [Mix] | Avg Buy: 103 | Avg Sell: 116
2. ES: 25,208 lot (293.61M) [Mix] | Avg Buy: 104 | Avg Sell: 116
3. XC: 16,866 lot (193.96M) [Retail] | Avg Sell: 115
4. NI: 8,625 lot (95.58M) [Bandar] | Avg Sell: 111
5. AK: 8,568 lot (91.33M) [Bandar] | Avg Sell: 107",7828,"Buyer: Bandar 37%, Seller: Mix 80% | Avg Buy Price: 114 | Avg Sell Price: 113",114.0,103.0,103.5,113.0,"[{'broker': 'KK', 'net_lot': 66094, 'net_value': 766690400, 'avg_buy_price': 116, 'avg_sell_price': None, 'category': 'Bandar'}, {'broker': 'XL', 'net_lot': 53571, 'net_value': 620601300, 'avg_buy_price': 115, 'avg_sell_price': 103, 'category': 'Retail'}, {'broker': 'YP', 'net_lot': 43821, 'net_value': 498809100, 'avg_buy_price': 114, 'avg_sell_price': None, 'category': 'Mix'}, {'broker': 'PD', 'net_lot': 13098, 'net_value': 146669200, 'avg_buy_price': 112, 'avg_sell_price': None, 'category': 'Mix'}, {'broker': 'EP', 'net_lot': 4218, 'net_value': 47663400, 'avg_buy_price': 113, 'avg_sell_price': None, 'category': 'Mix'}]","[{'broker': 'CC', 'net_lot': 113707, 'net_value': 1332826700, 'avg_buy_price': 103, 'avg_sell_price': 116, 'category': 'Mix'}, {'broker': 'ES', 'net_lot': 25208, 'net_value': 293612800, 'avg_buy_price': 104, 'avg_sell_price': 116, 'category': 'Mix'}, {'broker': 'XC', 'net_lot': 16866, 'net_value': 193959000, 'avg_buy_price': None, 'avg_sell_price': 115, 'category': 'Retail'}, {'broker': 'NI', 'net_lot': 8625, 'net_value': 95580000, 'avg_buy_price': None, 'avg_sell_price': 111, 'category': 'Bandar'}, {'broker': 'AK', 'net_lot': 8568, 'net_value': 91330400, 'avg_buy_price': None, 'avg_sell_price': 107, 'category': 'Bandar'}]"
ESTI,"1. XL: 10,553 lot (224.02M) [Retail] | Avg Buy: 209 | Avg Sell: 200
2. YP: 4,735 lot (95.92M) [Mix] | Avg Buy: 203
3. DH: 1,918 lot (38.36M) [Bandar] | Avg Buy: 200
4. ZP: 1,100 lot (22.77M) [Bandar] | Avg Buy: 207
5. YJ: 1,100 lot (22.44M) [Retail] | Avg Buy: 204","1. CC: 7,853 lot (163.34M) [Mix] | Avg Sell: 208
2. AK: 3,721 lot (78.89M) [Bandar] | Avg Sell: 212
3. GR: 2,891 lot (59.67M) [Bandar] | Avg Buy: 198 | Avg Sell: 204
4. KK: 2,316 lot (47.48M) [Bandar] | Avg Sell: 205
5. CP: 1,942 lot (39.48M) [Mix] | Avg Sell: 203",683,"Buyer: Retail 60%, Seller: Mix 52% | Avg Buy Price: 205 | Avg Sell Price: 206",204.6,200.0,198.0,206.4,"[{'broker': 'XL', 'net_lot': 10553, 'net_value': 224024500, 'avg_buy_price': 209, 'avg_sell_price': 200, 'category': 'Retail'}, {'broker': 'YP', 'net_lot': 4735, 'net_value': 95915900, 'avg_buy_price': 203, 'avg_sell_price': None, 'category': 'Mix'}, {'broker': 'DH', 'net_lot': 1918, 'net_value': 38360000, 'avg_buy_price': 200, 'avg_sell_price': None, 'category': 'Bandar'}, {'broker': 'ZP', 'net_lot': 1100, 'net_value': 22770000, 'avg_buy_price': 207, 'avg_sell_price': None, 'category': 'Bandar'}, {'broker': 'YJ', 'net_lot': 1100, 'net_value': 22440000, 'avg_buy_price': 204, 'avg_sell_price': None, 'category': 'Retail'}]","[{'broker': 'CC', 'net_lot': 7853, 'net_value': 163342400, 'avg_buy_price': None, 'avg_sell_price': 208, 'category': 'Mix'}, {'broker': 'AK', 'net_lot': 3721, 'net_value': 78885200, 'avg_buy_price': None, 'avg_sell_price': 212, 'category': 'Bandar'}, {'broker': 'GR', 'net_lot': 2891, 'net_value': 59667600, 'avg_buy_price': 198, 'avg_sell_price': 204, 'category': 'Bandar'}, {'broker': 'KK', 'net_lot': 2316, 'net_value': 47478000, 'avg_buy_price': None, 'avg_sell_price': 205, 'category': 'Bandar'}, {'broker': 'CP', 'net_lot': 1942, 'net_value': 39478600, 'avg_buy_price': None, 'avg_sell_price': 203, 'category': 'Mix'}]"
GGRM,"1. RX: 12,434 lot (20.96B) [Bandar] | Avg Buy: 16,857
2. PD: 1,164 lot (1.98B) [Mix] | Avg Buy: 16,967
3. LG: 527 lot (890.23M) [Bandar] | Avg Buy: 16,892
4. DP: 450 lot (762.57M) [Bandar] | Avg Buy: 16,946
5. DR: 329 lot (551.95M) [Retail] | Avg Buy: 16,777","1. CC: 2,939 lot (4.96B) [Mix] | Avg Sell: 16,873
2. NI: 2,711 lot (4.55B) [Bandar] | Avg Sell: 16,791
3. XL: 1,617 lot (2.73B) [Retail] | Avg Sell: 16,872
4. BK: 1,365 lot (2.31B) [Bandar] | Avg Buy: 16,902 | Avg Sell: 16,899
5. XC: 1,316 lot (2.23B) [Retail] | Avg Buy: 16,917 | Avg Sell: 16,920",4956,"Buyer: Bandar 90%, Seller: Bandar 41% | Avg Buy Price: 16,888 | Avg Sell Price: 16,871",16887.8,,16909.5,16871.0,"[{'broker': 'RX', 'net_lot': 12434, 'net_value': 20959603000, 'avg_buy_price': 16857, 'avg_sell_price': None, 'category': 'Bandar'}, {'broker': 'PD', 'net_lot': 1164, 'net_value': 1975008400, 'avg_buy_price': 16967, 'avg_sell_price': None, 'category': 'Mix'}, {'broker': 'LG', 'net_lot': 527, 'net_value': 890232300, 'avg_buy_price': 16892, 'avg_sell_price': None, 'category': 'Bandar'}, {'broker': 'DP', 'net_lot': 450, 'net_value': 762570000, 'avg_buy_price': 16946, 'avg_sell_price': None, 'category': 'Bandar'}, {'broker': 'DR', 'net_lot': 329, 'net_value': 551953000, 'avg_buy_price': 16777, 'avg_sell_price': None, 'category': 'Retail'}]","[{'broker': 'CC', 'net_lot': 2939, 'net_value': 4959110200, 'avg_buy_price': None, 'avg_sell_price': 16873, 'category': 'Mix'}, {'broker': 'NI', 'net_lot': 2711, 'net_value': 4552117700, 'avg_buy_price': None, 'avg_sell_price': 16791, 'category': 'Bandar'}, {'broker': 'XL', 'net_lot': 1617, 'net_value': 2728254600, 'avg_buy_price': None, 'avg_sell_price': 16872, 'category': 'Retail'}, {'broker': 'BK', 'net_lot': 1365, 'net_value': 2306437800, 'avg_buy_price': 16902, 'avg_sell_price': 16899, 'category': 'Bandar'}, {'broker': 'XC', 'net_lot': 1316, 'net_value': 2226739200, 'avg_buy_price': 16917, 'avg_sell_price': 16920, 'category': 'Retail'}]"
HMSP,"1. ZP: 351,083 lot (30.68B) [Bandar] | Avg Buy: 874
2. MG: 144,471 lot (12.84B) [Mix] | Avg Buy: 889 | Avg Sell: 889
3. EP: 46,666 lot (4.11B) [Mix] | Avg Buy: 882
4. CC: 44,949 lot (3.97B) [Mix] | Avg Buy: 884
5. DH: 41,997 lot (3.68B) [Bandar] | Avg Buy: 877 | Avg Sell: 894","1. YP: 93,444 lot (8.20B) [Mix] | Avg Buy: 886 | Avg Sell: 878
2. AK: 92,921 lot (8.20B) [Bandar] | Avg Sell: 882
3. CP: 61,964 lot (5.43B) [Mix] | Avg Buy: 886 | Avg Sell: 877
4. DR: 43,117 lot (3.79B) [Retail] | Avg Sell: 879
5. KK: 41,406 lot (3.67B) [Bandar] | Avg Sell: 885",296314,"Buyer: Bandar 62%, Seller: Mix 47% | Avg Buy Price: 881 | Avg Sell Price: 880",881.2,891.5,886.0,880.2,"[{'broker': 'ZP', 'net_lot': 351083, 'net_value': 30675196600, 'avg_buy_price': 874, 'avg_sell_price': None, 'category': 'Bandar'}, {'broker': 'MG', 'net_lot': 144471, 'net_value': 12843471900, 'avg_buy_price': 889, 'avg_sell_price': 889, 'category': 'Mix'}, {'broker': 'EP', 'net_lot': 46666, 'net_value': 4114070300, 'avg_buy_price': 882, 'avg_sell_price': None, 'category': 'Mix'}, {'broker': 'CC', 'net_lot': 44949, 'net_value': 3971277300, 'avg_buy_price': 884, 'avg_sell_price': None, 'category': 'Mix'}, {'broker': 'DH', 'net_lot': 41997, 'net_value': 3679544800, 'avg_buy_price': 877, 'avg_sell_price': 894, 'category': 'Bandar'}]","[{'broker': 'YP', 'net_lot': 93444, 'net_value': 8198361600, 'avg_buy_price': 886, 'avg_sell_price': 878, 'category': 'Mix'}, {'broker': 'AK', 'net_lot': 92921, 'net_value': 8195599700, 'avg_buy_price': None, 'avg_sell_price': 882, 'category': 'Bandar'}, {'broker': 'CP', 'net_lot': 61964, 'net_value': 5433058400, 'avg_buy_price': 886, 'avg_sell_price': 877, 'category': 'Mix'}, {'broker': 'DR', 'net_lot': 43117, 'net_value': 3791534000, 'avg_buy_price': None, 'avg_sell_price': 879, 'category': 'Retail'}, {'broker': 'KK', 'net_lot': 41406, 'net_value': 3665552800, 'avg_buy_price': None, 'avg_sell_price': 885, 'category': 'Bandar'}]"
INDY,"1. PD: 77,112 lot (25.42B) [Mix] | Avg Buy: 3,297
2. ZP: 43,473 lot (14.41B) [Bandar] | Avg Buy: 3,316
3. NI: 30,333 lot (9.94B) [Bandar] | Avg Buy: 3,296 | Avg Sell: 3,360
4. DX: 24,896 lot (8.16B) [Bandar] | Avg Buy: 3,276
5. AI: 19,170 lot (6.33B) [Bandar] | Avg Buy: 3,302","1. AK: 82,466 lot (27.44B) [Bandar] | Avg Sell: 3,327
2. LG: 45,655 lot (15.08B) [Bandar] | Avg Sell: 3,303
3. CC: 40,457 lot (13.41B) [Mix] | Avg Sell: 3,315
4. BK: 12,750 lot (4.07B) [Bandar] | Avg Buy: 3,371 | Avg Sell: 3,278
5. YU: 8,834 lot (2.94B) [Bandar] | Avg Sell: 3,333",4822,"Buyer: Bandar 60%, Seller: Bandar 79% | Avg Buy Price: 3,297 | Avg Sell Price: 3,311",3297.4,3360.0,3371.0,3311.2,"[{'broker': 'PD', 'net_lot': 77112, 'net_value': 25423262400, 'avg_buy_price': 3297, 'avg_sell_price': None, 'category': 'Mix'}, {'broker': 'ZP', 'net_lot': 43473, 'net_value': 14413749600, 'avg_buy_price': 3316, 'avg_sell_price': None, 'category': 'Bandar'}, {'broker': 'NI', 'net_lot': 30333, 'net_value': 9944201600, 'avg_buy_price': 3296, 'avg_sell_price': 3360, 'category': 'Bandar'}, {'broker': 'DX', 'net_lot': 24896, 'net_value': 8155763800, 'avg_buy_price': 3276, 'avg_sell_price': None, 'category': 'Bandar'}, {'broker': 'AI', 'net_lot': 19170, 'net_value': 6329937000, 'avg_buy_price': 3302, 'avg_sell_price': None, 'category': 'Bandar'}]","[{'broker': 'AK', 'net_lot': 82466, 'net_value': 27438175000, 'avg_buy_price': None, 'avg_sell_price': 3327, 'category': 'Bandar'}, {'broker': 'LG', 'net_lot': 45655, 'net_value': 15081116100, 'avg_buy_price': None, 'avg_sell_price': 3303, 'category': 'Bandar'}, {'broker': 'CC', 'net_lot': 40457, 'net_value': 13410934500, 'avg_buy_price': None, 'avg_sell_price': 3315, 'category': 'Mix'}, {'broker': 'BK', 'net_lot': 12750, 'net_value': 4071411900, 'avg_buy_price': 3371, 'avg_sell_price': 3278, 'category': 'Bandar'}, {'broker': 'YU', 'net_lot': 8834, 'net_value': 2943976400, 'avg_buy_price': None, 'avg_sell_price': 3333, 'category': 'Bandar'}]"
INDS,"1. XL: 51,082 lot (4.73B) [Retail] | Avg Buy: 925
2. XC: 11,875 lot (1.12B) [Retail] | Avg Buy: 946
3. XA: 11,750 lot (1.06B) [Bandar] | Avg Buy: 899
4. CC: 4,169 lot (407.13M) [Mix] | Avg Buy: 977
5. CP: 2,852 lot (261.99M) [Mix] | Avg Buy: 919","1. AZ: 33,928 lot (3.21B) [Retail] | Avg Sell: 945
2. DH: 26,295 lot (2.35B) [Bandar] | Avg Buy: 980 | Avg Sell: 895
3. DP: 11,000 lot (1.08B) [Bandar] | Avg Sell: 980
4. DR: 5,580 lot (499.41M) [Retail] | Avg Sell: 895
5. NI: 3,309 lot (308.34M) [Bandar] | Avg Sell: 932",1616,"Buyer: Retail 77%, Seller: Bandar 51% | Avg Buy Price: 933 | Avg Sell Price: 929",933.2,,980.0,929.4,"[{'broker': 'XL', 'net_lot': 51082, 'net_value': 4726802500, 'avg_buy_price': 925, 'avg_sell_price': None, 'category': 'Retail'}, {'broker': 'XC', 'net_lot': 11875, 'net_value': 1123332500, 'avg_buy_price': 946, 'avg_sell_price': None, 'category': 'Retail'}, {'broker': 'XA', 'net_lot': 11750, 'net_value': 1056215000, 'avg_buy_price': 899, 'avg_sell_price': None, 'category': 'Bandar'}, {'broker': 'CC', 'net_lot': 4169, 'net_value': 407125500, 'avg_buy_price': 977, 'avg_sell_price': None, 'category': 'Mix'}, {'broker': 'CP', 'net_lot': 2852, 'net_value': 261994500, 'avg_buy_price': 919, 'avg_sell_price': None, 'category': 'Mix'}]","[{'broker': 'AZ', 'net_lot': 33928, 'net_value': 3206097000, 'avg_buy_price': None, 'avg_sell_price': 945, 'category': 'Retail'}, {'broker': 'DH', 'net_lot': 26295, 'net_value': 2347478000, 'avg_buy_price': 980, 'avg_sell_price': 895, 'category': 'Bandar'}, {'broker': 'DP', 'net_lot': 11000, 'net_value': 1078000000, 'avg_buy_price': None, 'avg_sell_price': 980, 'category': 'Bandar'}, {'broker': 'DR', 'net_lot': 5580, 'net_value': 499410000, 'avg_buy_price': None, 'avg_sell_price': 895, 'category': 'Retail'}, {'broker': 'NI', 'net_lot': 3309, 'net_value': 308344500, 'avg_buy_price': None, 'avg_sell_price': 932, 'category': 'Bandar'}]"
ITMA,"1. II: 253,500 lot (53.16B) [Mix] | Avg Buy: 2,098 | Avg Sell: 2,110
2. MU: 2,500 lot (525.00M) [Bandar]
3. TP: 882 lot (185.04M) [Bandar] | Avg Buy: 2,098
4. XL: 796 lot (159.06M) [Retail] | Avg Buy: 2,024 | Avg Sell: 2,121
5. LG: 490 lot (100.60M) [Bandar] | Avg Buy: 2,053","1. FS: 100,105 lot (20.07B) [Bandar] | Avg Sell: 2,005
2. HD: 61,833 lot (12.05B) [Bandar] | Avg Sell: 1,948
3. TS: 39,627 lot (7.62B) [Bandar] | Avg Sell: 1,922
4. CC: 20,649 lot (4.29B) [Mix] | Avg Buy: 2,125 | Avg Sell: 2,079
5. ZP: 13,615 lot (2.79B) [Bandar] | Avg Sell: 2,047",22339,"Buyer: Mix 98%, Seller: Bandar 91% | Avg Buy Price: 2,068 | Avg Sell Price: 2,000",2068.25,2110.3333333333335,2125.0,2000.2,"[{'broker': 'II', 'net_lot': 253500, 'net_value': 53160300000, 'avg_buy_price': 2098, 'avg_sell_price': 2110, 'category': 'Mix'}, {'broker': 'MU', 'net_lot': 2500, 'net_value': 525000000, 'avg_buy_price': None, 'avg_sell_price': 2100, 'category': 'Bandar'}, {'broker': 'TP', 'net_lot': 882, 'net_value': 185043600, 'avg_buy_price': 2098, 'avg_sell_price': None, 'category': 'Bandar'}, {'broker': 'XL', 'net_lot': 796, 'net_value': 159063700, 'avg_buy_price': 2024, 'avg_sell_price': 2121, 'category': 'Retail'}, {'broker': 'LG', 'net_lot': 490, 'net_value': 100597000, 'avg_buy_price': 2053, 'avg_sell_price': None, 'category': 'Bandar'}]","[{'broker': 'FS', 'net_lot': 100105, 'net_value': 20071052500, 'avg_buy_price': None, 'avg_sell_price': 2005, 'category': 'Bandar'}, {'broker': 'HD', 'net_lot': 61833, 'net_value': 12045068400, 'avg_buy_price': None, 'avg_sell_price': 1948, 'category': 'Bandar'}, {'broker': 'TS', 'net_lot': 39627, 'net_value': 7616309400, 'avg_buy_price': None, 'avg_sell_price': 1922, 'category': 'Bandar'}, {'broker': 'CC', 'net_lot': 20649, 'net_value': 4286643500, 'avg_buy_price': 2125, 'avg_sell_price': 2079, 'category': 'Mix'}, {'broker': 'ZP', 'net_lot': 13615, 'net_value': 2787645100, 'avg_buy_price': None, 'avg_sell_price': 2047, 'category': 'Bandar'}]"
JSMR,"1. AK: 21,503 lot (8.10B) [Bandar] | Avg Buy: 3,766
2. CC: 14,050 lot (5.21B) [Mix] | Avg Buy: 3,727 | Avg Sell: 3,774
3. BK: 11,060 lot (4.16B) [Bandar] | Avg Buy: 3,759
4. RF: 7,558 lot (2.85B) [Bandar] | Avg Buy: 3,769
5. XL: 1,759 lot (663.91M) [Retail] | Avg Buy: 3,772 | Avg Sell: 3,726","1. YP: 13,153 lot (4.91B) [Mix] | Avg Sell: 3,733
2. NI: 7,075 lot (2.64B) [Bandar] | Avg Sell: 3,731
3. AO: 5,577 lot (2.11B) [Bandar] | Avg Sell: 3,778
4. YU: 4,947 lot (1.84B) [Bandar] | Avg Sell: 3,716
5. PD: 4,763 lot (1.79B) [Mix] | Avg Sell: 3,756",20415,"Buyer: Bandar 72%, Seller: Mix 50% | Avg Buy Price: 3,759 | Avg Sell Price: 3,743",3758.6,3750.0,,3742.8,"[{'broker': 'AK', 'net_lot': 21503, 'net_value': 8098693200, 'avg_buy_price': 3766, 'avg_sell_price': None, 'category': 'Bandar'}, {'broker': 'CC', 'net_lot': 14050, 'net_value': 5205358600, 'avg_buy_price': 3727, 'avg_sell_price': 3774, 'category': 'Mix'}, {'broker': 'BK', 'net_lot': 11060, 'net_value': 4157723000, 'avg_buy_price': 3759, 'avg_sell_price': None, 'category': 'Bandar'}, {'broker': 'RF', 'net_lot': 7558, 'net_value': 2848610200, 'avg_buy_price': 3769, 'avg_sell_price': None, 'category': 'Bandar'}, {'broker': 'XL', 'net_lot': 1759, 'net_value': 663908800, 'avg_buy_price': 3772, 'avg_sell_price': 3726, 'category': 'Retail'}]","[{'broker': 'YP', 'net_lot': 13153, 'net_value': 4910340700, 'avg_buy_price': None, 'avg_sell_price': 3733, 'category': 'Mix'}, {'broker': 'NI', 'net_lot': 7075, 'net_value': 2639723500, 'avg_buy_price': None, 'avg_sell_price': 3731, 'category': 'Bandar'}, {'broker': 'AO', 'net_lot': 5577, 'net_value': 2106992600, 'avg_buy_price': None, 'avg_sell_price': 3778, 'category': 'Bandar'}, {'broker': 'YU', 'net_lot': 4947, 'net_value': 1838118600, 'avg_buy_price': None, 'avg_sell_price': 3716, 'category': 'Bandar'}, {'broker': 'PD', 'net_lot': 4763, 'net_value': 1789133400, 'avg_buy_price': None, 'avg_sell_price': 3756, 'category': 'Mix'}]"
LPCK,"1. LG: 5,809 lot (463.46M) [Bandar] | Avg Buy: 798
2. CC: 2,277 lot (181.51M) [Mix] | Avg Buy: 797
3. NI: 2,114 lot (169.04M) [Bandar] | Avg Buy: 800
4. PD: 1,826 lot (144.85M) [Mix] | Avg Buy: 793
5. RF: 1,600 lot (130.40M) [Bandar] | Avg Buy: 815","1. XL: 8,201 lot (656.31M) [Retail] | Avg Sell: 800
2. SQ: 3,272 lot (260.32M) [Bandar] | Avg Sell: 796
3. FS: 1,990 lot (156.22M) [Bandar] | Avg Sell: 785
4. AO: 1,073 lot (85.20M) [Bandar] | Avg Sell: 794
5. AZ: 934 lot (74.25M) [Retail] | Avg Sell: 795",-1844,"Buyer: Bandar 70%, Seller: Retail 59% | Avg Buy Price: 801 | Avg Sell Price: 794",800.6,,,794.0,"[{'broker': 'LG', 'net_lot': 5809, 'net_value': 463455600, 'avg_buy_price': 798, 'avg_sell_price': None, 'category': 'Bandar'}, {'broker': 'CC', 'net_lot': 2277, 'net_value': 181507300, 'avg_buy_price': 797, 'avg_sell_price': None, 'category': 'Mix'}, {'broker': 'NI', 'net_lot': 2114, 'net_value': 169037400, 'avg_buy_price': 800, 'avg_sell_price': None, 'category': 'Bandar'}, {'broker': 'PD', 'net_lot': 1826, 'net_value': 144850500, 'avg_buy_price': 793, 'avg_sell_price': None, 'category': 'Mix'}, {'broker': 'RF', 'net_lot': 1600, 'net_value': 130400000, 'avg_buy_price': 815, 'avg_sell_price': None, 'category': 'Bandar'}]","[{'broker': 'XL', 'net_lot': 8201, 'net_value': 656314400, 'avg_buy_price': None, 'avg_sell_price': 800, 'category': 'Retail'}, {'broker': 'SQ', 'net_lot': 3272, 'net_value': 260318900, 'avg_buy_price': None, 'avg_sell_price': 796, 'category': 'Bandar'}, {'broker': 'FS', 'net_lot': 1990, 'net_value': 156215000, 'avg_buy_price': None, 'avg_sell_price': 785, 'category': 'Bandar'}, {'broker': 'AO', 'net_lot': 1073, 'net_value': 85196200, 'avg_buy_price': None, 'avg_sell_price': 794, 'category': 'Bandar'}, {'broker': 'AZ', 'net_lot': 934, 'net_value': 74253000, 'avg_buy_price': None, 'avg_sell_price': 795, 'category': 'Retail'}]"
LPPF,"1. AK: 6,468 lot (1.23B) [Bandar] | Avg Buy: 1,901
2. BK: 2,476 lot (472.67M) [Bandar] | Avg Buy: 1,909
3. BB: 2,454 lot (457.43M) [Mix] | Avg Buy: 1,864
4. GR: 2,226 lot (424.72M) [Bandar] | Avg Buy: 1,908
5. YP: 1,770 lot (337.35M) [Mix] | Avg Buy: 1,906","1. XL: 7,037 lot (1.33B) [Retail] | Avg Sell: 1,889
2. OD: 5,800 lot (1.11B) [Bandar] | Avg Buy: 1,860 | Avg Sell: 1,912
3. SQ: 3,064 lot (573.37M) [Bandar] | Avg Sell: 1,871
4. NI: 1,337 lot (256.71M) [Bandar] | Avg Buy: 1,869 | Avg Sell: 1,910
5. AZ: 1,188 lot (223.32M) [Retail] | Avg Sell: 1,880",-3032,"Buyer: Bandar 73%, Seller: Bandar 55% | Avg Buy Price: 1,898 | Avg Sell Price: 1,892",1897.6,,1864.5,1892.4,"[{'broker': 'AK', 'net_lot': 6468, 'net_value': 1229652600, 'avg_buy_price': 1901, 'avg_sell_price': None, 'category': 'Bandar'}, {'broker': 'BK', 'net_lot': 2476, 'net_value': 472668400, 'avg_buy_price': 1909, 'avg_sell_price': None, 'category': 'Bandar'}, {'broker': 'BB', 'net_lot': 2454, 'net_value': 457425600, 'avg_buy_price': 1864, 'avg_sell_price': None, 'category': 'Mix'}, {'broker': 'GR', 'net_lot': 2226, 'net_value': 424720800, 'avg_buy_price': 1908, 'avg_sell_price': None, 'category': 'Bandar'}, {'broker': 'YP', 'net_lot': 1770, 'net_value': 337353500, 'avg_buy_price': 1906, 'avg_sell_price': None, 'category': 'Mix'}]","[{'broker': 'XL', 'net_lot': 7037, 'net_value': 1329253100, 'avg_buy_price': None, 'avg_sell_price': 1889, 'category': 'Retail'}, {'broker': 'OD', 'net_lot': 5800, 'net_value': 1112147600, 'avg_buy_price': 1860, 'avg_sell_price': 1912, 'category': 'Bandar'}, {'broker': 'SQ', 'net_lot': 3064, 'net_value': 573366600, 'avg_buy_price': None, 'avg_sell_price': 1871, 'category': 'Bandar'}, {'broker': 'NI', 'net_lot': 1337, 'net_value': 256711800, 'avg_buy_price': 1869, 'avg_sell_price': 1910, 'category': 'Bandar'}, {'broker': 'AZ', 'net_lot': 1188, 'net_value': 223317500, 'avg_buy_price': None, 'avg_sell_price': 1880, 'category': 'Retail'}]"
MPMX,"1. NI: 3,552 lot (361.80M) [Bandar] | Avg Buy: 1,019
2. AK: 2,929 lot (298.76M) [Bandar] | Avg Buy: 1,020
3. ZP: 2,181 lot (222.14M) [Bandar] | Avg Buy: 1,019
4. IF: 2,025 lot (205.54M) [Mix] | Avg Buy: 1,015
5. GR: 1,272 lot (129.24M) [Bandar] | Avg Buy: 1,016","1. CC: 3,575 lot (363.06M) [Mix] | Avg Sell: 1,016
2. YP: 3,120 lot (319.54M) [Mix] | Avg Buy: 1,014 | Avg Sell: 1,020
3. XL: 2,417 lot (246.72M) [Retail] | Avg Buy: 1,013 | Avg Sell: 1,018
4. AG: 2,090 lot (211.49M) [Bandar] | Avg Sell: 1,012
5. OD: 1,408 lot (142.53M) [Bandar] | Avg Sell: 1,012",-651,"Buyer: Bandar 83%, Seller: Mix 53% | Avg Buy Price: 1,018 | Avg Sell Price: 1,016",1017.8,,1013.5,1015.6,"[{'broker': 'NI', 'net_lot': 3552, 'net_value': 361803500, 'avg_buy_price': 1019, 'avg_sell_price': None, 'category': 'Bandar'}, {'broker': 'AK', 'net_lot': 2929, 'net_value': 298758000, 'avg_buy_price': 1020, 'avg_sell_price': None, 'category': 'Bandar'}, {'broker': 'ZP', 'net_lot': 2181, 'net_value': 222141500, 'avg_buy_price': 1019, 'avg_sell_price': None, 'category': 'Bandar'}, {'broker': 'IF', 'net_lot': 2025, 'net_value': 205537500, 'avg_buy_price': 1015, 'avg_sell_price': None, 'category': 'Mix'}, {'broker': 'GR', 'net_lot': 1272, 'net_value': 129243000, 'avg_buy_price': 1016, 'avg_sell_price': None, 'category': 'Bandar'}]","[{'broker': 'CC', 'net_lot': 3575, 'net_value': 363057500, 'avg_buy_price': None, 'avg_sell_price': 1016, 'category': 'Mix'}, {'broker': 'YP', 'net_lot': 3120, 'net_value': 319543800, 'avg_buy_price': 1014, 'avg_sell_price': 1020, 'category': 'Mix'}, {'broker': 'XL', 'net_lot': 2417, 'net_value': 246715100, 'avg_buy_price': 1013, 'avg_sell_price': 1018, 'category': 'Retail'}, {'broker': 'AG', 'net_lot': 2090, 'net_value': 211485000, 'avg_buy_price': None, 'avg_sell_price': 1012, 'category': 'Bandar'}, {'broker': 'OD', 'net_lot': 1408, 'net_value': 142534400, 'avg_buy_price': None, 'avg_sell_price': 1012, 'category': 'Bandar'}]"
PGAS,"1. YU: 89,285 lot (19.58B) [Bandar] | Avg Buy: 2,193
2. AK: 78,185 lot (17.31B) [Bandar] | Avg Buy: 2,214
3. RX: 63,293 lot (13.93B) [Bandar] | Avg Buy: 2,201
4. GR: 40,447 lot (8.89B) [Bandar] | Avg Buy: 2,198 | Avg Sell: 2,214
5. AZ: 26,951 lot (5.92B) [Retail] | Avg Buy: 2,196","1. CC: 92,440 lot (20.32B) [Mix] | Avg Sell: 2,198
2. BK: 62,039 lot (13.65B) [Bandar] | Avg Sell: 2,200
3. BB: 29,479 lot (6.49B) [Mix] | Avg Sell: 2,201
4. DP: 24,853 lot (5.50B) [Bandar] | Avg Sell: 2,212
5. SQ: 22,282 lot (4.89B) [Bandar] | Avg Sell: 2,195",67068,"Buyer: Bandar 91%, Seller: Mix 53% | Avg Buy Price: 2,200 | Avg Sell Price: 2,201",2200.4,2214.0,,2201.2,"[{'broker': 'YU', 'net_lot': 89285, 'net_value': 19581344300, 'avg_buy_price': 2193, 'avg_sell_price': None, 'category': 'Bandar'}, {'broker': 'AK', 'net_lot': 78185, 'net_value': 17307000600, 'avg_buy_price': 2214, 'avg_sell_price': None, 'category': 'Bandar'}, {'broker': 'RX', 'net_lot': 63293, 'net_value': 13932493600, 'avg_buy_price': 2201, 'avg_sell_price': None, 'category': 'Bandar'}, {'broker': 'GR', 'net_lot': 40447, 'net_value': 8888140200, 'avg_buy_price': 2198, 'avg_sell_price': 2214, 'category': 'Bandar'}, {'broker': 'AZ', 'net_lot': 26951, 'net_value': 5917482500, 'avg_buy_price': 2196, 'avg_sell_price': None, 'category': 'Retail'}]","[{'broker': 'CC', 'net_lot': 92440, 'net_value': 20317843200, 'avg_buy_price': None, 'avg_sell_price': 2198, 'category': 'Mix'}, {'broker': 'BK', 'net_lot': 62039, 'net_value': 13647310700, 'avg_buy_price': None, 'avg_sell_price': 2200, 'category': 'Bandar'}, {'broker': 'BB', 'net_lot': 29479, 'net_value': 6487179100, 'avg_buy_price': None, 'avg_sell_price': 2201, 'category': 'Mix'}, {'broker': 'DP', 'net_lot': 24853, 'net_value': 5497483600, 'avg_buy_price': None, 'avg_sell_price': 2212, 'category': 'Bandar'}, {'broker': 'SQ', 'net_lot': 22282, 'net_value': 4890468800, 'avg_buy_price': None, 'avg_sell_price': 2195, 'category': 'Bandar'}]"
PKPK,"1. EP: 8,171 lot (1.71B) [Mix] | Avg Buy: 2,091
2. PG: 2,473 lot (491.88M) [Mix] | Avg Buy: 1,989
3. AZ: 1,486 lot (299.83M) [Retail] | Avg Buy: 2,020 | Avg Sell: 2,089
4. GR: 1,052 lot (236.48M) [Bandar] | Avg Buy: 2,131 | Avg Sell: 2,074
5. HP: 982 lot (209.47M) [Bandar] | Avg Buy: 2,133","1. SQ: 7,616 lot (1.56B) [Bandar] | Avg Buy: 2,100 | Avg Sell: 2,053
2. XL: 5,827 lot (1.23B) [Retail] | Avg Sell: 2,109
3. DH: 3,283 lot (652.33M) [Bandar] | Avg Sell: 1,987
4. RF: 1,300 lot (281.06M) [Bandar] | Avg Sell: 2,162
5. XA: 1,042 lot (221.91M) [Bandar] | Avg Sell: 2,130",-4904,"Buyer: Mix 75%, Seller: Bandar 69% | Avg Buy Price: 2,073 | Avg Sell Price: 2,088",2072.8,2081.5,2100.0,2088.2,"[{'broker': 'EP', 'net_lot': 8171, 'net_value': 1708556100, 'avg_buy_price': 2091, 'avg_sell_price': None, 'category': 'Mix'}, {'broker': 'PG', 'net_lot': 2473, 'net_value': 491879700, 'avg_buy_price': 1989, 'avg_sell_price': None, 'category': 'Mix'}, {'broker': 'AZ', 'net_lot': 1486, 'net_value': 299827000, 'avg_buy_price': 2020, 'avg_sell_price': 2089, 'category': 'Retail'}, {'broker': 'GR', 'net_lot': 1052, 'net_value': 236476100, 'avg_buy_price': 2131, 'avg_sell_price': 2074, 'category': 'Bandar'}, {'broker': 'HP', 'net_lot': 982, 'net_value': 209468400, 'avg_buy_price': 2133, 'avg_sell_price': None, 'category': 'Bandar'}]","[{'broker': 'SQ', 'net_lot': 7616, 'net_value': 1555842700, 'avg_buy_price': 2100, 'avg_sell_price': 2053, 'category': 'Bandar'}, {'broker': 'XL', 'net_lot': 5827, 'net_value': 1228914300, 'avg_buy_price': None, 'avg_sell_price': 2109, 'category': 'Retail'}, {'broker': 'DH', 'net_lot': 3283, 'net_value': 652332100, 'avg_buy_price': None, 'avg_sell_price': 1987, 'category': 'Bandar'}, {'broker': 'RF', 'net_lot': 1300, 'net_value': 281060000, 'avg_buy_price': None, 'avg_sell_price': 2162, 'category': 'Bandar'}, {'broker': 'XA', 'net_lot': 1042, 'net_value': 221909400, 'avg_buy_price': None, 'avg_sell_price': 2130, 'category': 'Bandar'}]"
SMAR,"1. BB: 1,393 lot (766.85M) [Mix] | Avg Buy: 5,505
2. CC: 598 lot (329.30M) [Mix] | Avg Buy: 5,507
3. AZ: 535 lot (303.77M) [Retail] | Avg Buy: 5,678
4. AT: 368 lot (211.67M) [Bandar] | Avg Buy: 5,752
5. OK: 245 lot (136.76M) [Retail] | Avg Buy: 5,582","1. PD: 1,440 lot (799.20M) [Mix] | Avg Sell: 5,550
2. XL: 810 lot (452.97M) [Retail] | Avg Sell: 5,592
3. YP: 335 lot (186.26M) [Mix] | Avg Sell: 5,560
4. OD: 223 lot (126.64M) [Bandar] | Avg Sell: 5,679
5. SQ: 200 lot (112.44M) [Bandar] | Avg Buy: 5,427 | Avg Sell: 5,589",131,"Buyer: Mix 63%, Seller: Mix 59% | Avg Buy Price: 5,605 | Avg Sell Price: 5,594",5604.8,,5427.0,5594.0,"[{'broker': 'BB', 'net_lot': 1393, 'net_value': 766853900, 'avg_buy_price': 5505, 'avg_sell_price': None, 'category': 'Mix'}, {'broker': 'CC', 'net_lot': 598, 'net_value': 329297800, 'avg_buy_price': 5507, 'avg_sell_price': None, 'category': 'Mix'}, {'broker': 'AZ', 'net_lot': 535, 'net_value': 303773000, 'avg_buy_price': 5678, 'avg_sell_price': None, 'category': 'Retail'}, {'broker': 'AT', 'net_lot': 368, 'net_value': 211673600, 'avg_buy_price': 5752, 'avg_sell_price': None, 'category': 'Bandar'}, {'broker': 'OK', 'net_lot': 245, 'net_value': 136759000, 'avg_buy_price': 5582, 'avg_sell_price': None, 'category': 'Retail'}]","[{'broker': 'PD', 'net_lot': 1440, 'net_value': 799200000, 'avg_buy_price': None, 'avg_sell_price': 5550, 'category': 'Mix'}, {'broker': 'XL', 'net_lot': 810, 'net_value': 452971000, 'avg_buy_price': None, 'avg_sell_price': 5592, 'category': 'Retail'}, {'broker': 'YP', 'net_lot': 335, 'net_value': 186263500, 'avg_buy_price': None, 'avg_sell_price': 5560, 'category': 'Mix'}, {'broker': 'OD', 'net_lot': 223, 'net_value': 126641700, 'avg_buy_price': None, 'avg_sell_price': 5679, 'category': 'Bandar'}, {'broker': 'SQ', 'net_lot': 200, 'net_value': 112444200, 'avg_buy_price': 5427, 'avg_sell_price': 5589, 'category': 'Bandar'}]"
ULTJ,"1. YP: 22,888 lot (3.46B) [Mix] | Avg Buy: 1,513
2. ZP: 11,246 lot (1.72B) [Bandar] | Avg Buy: 1,530
3. LG: 8,162 lot (1.24B) [Bandar] | Avg Buy: 1,518
4. AI: 4,003 lot (608.46M) [Bandar] | Avg Buy: 1,520
5. KZ: 3,737 lot (567.42M) [Mix] | Avg Buy: 1,518","1. AK: 38,135 lot (5.78B) [Bandar] | Avg Sell: 1,515
2. CC: 13,575 lot (2.07B) [Mix] | Avg Sell: 1,523
3. BK: 4,307 lot (656.39M) [Bandar] | Avg Sell: 1,524
4. YU: 2,158 lot (328.45M) [Bandar] | Avg Sell: 1,522
5. RX: 1,463 lot (221.94M) [Bandar] | Avg Sell: 1,517",-9602,"Buyer: Mix 53%, Seller: Bandar 77% | Avg Buy Price: 1,520 | Avg Sell Price: 1,520",1519.8,,,1520.2,"[{'broker': 'YP', 'net_lot': 22888, 'net_value': 3462192800, 'avg_buy_price': 1513, 'avg_sell_price': None, 'category': 'Mix'}, {'broker': 'ZP', 'net_lot': 11246, 'net_value': 1721126900, 'avg_buy_price': 1530, 'avg_sell_price': None, 'category': 'Bandar'}, {'broker': 'LG', 'net_lot': 8162, 'net_value': 1239221500, 'avg_buy_price': 1518, 'avg_sell_price': None, 'category': 'Bandar'}, {'broker': 'AI', 'net_lot': 4003, 'net_value': 608456000, 'avg_buy_price': 1520, 'avg_sell_price': None, 'category': 'Bandar'}, {'broker': 'KZ', 'net_lot': 3737, 'net_value': 567424000, 'avg_buy_price': 1518, 'avg_sell_price': None, 'category': 'Mix'}]","[{'broker': 'AK', 'net_lot': 38135, 'net_value': 5778660300, 'avg_buy_price': None, 'avg_sell_price': 1515, 'category': 'Bandar'}, {'broker': 'CC', 'net_lot': 13575, 'net_value': 2066892000, 'avg_buy_price': None, 'avg_sell_price': 1523, 'category': 'Mix'}, {'broker': 'BK', 'net_lot': 4307, 'net_value': 656386800, 'avg_buy_price': None, 'avg_sell_price': 1524, 'category': 'Bandar'}, {'broker': 'YU', 'net_lot': 2158, 'net_value': 328447600, 'avg_buy_price': None, 'avg_sell_price': 1522, 'category': 'Bandar'}, {'broker': 'RX', 'net_lot': 1463, 'net_value': 221937100, 'avg_buy_price': None, 'avg_sell_price': 1517, 'category': 'Bandar'}]"
WIIM,"1. AI: 9,919 lot (1.97B) [Bandar] | Avg Buy: 1,982
2. RX: 7,470 lot (1.49B) [Bandar] | Avg Buy: 1,996
3. XL: 7,288 lot (1.44B) [Retail] | Avg Buy: 1,969
4. CD: 6,064 lot (1.20B) [Bandar] | Avg Buy: 1,985
5. DR: 5,786 lot (1.14B) [Retail] | Avg Buy: 1,978","1. CP: 18,196 lot (3.67B) [Mix] | Avg Buy: 1,939 | Avg Sell: 2,013
2. AK: 15,089 lot (3.04B) [Bandar] | Avg Buy: 1,935 | Avg Sell: 2,011
3. BK: 9,796 lot (1.96B) [Bandar] | Avg Sell: 2,005
4. SQ: 7,658 lot (1.54B) [Bandar] | Avg Sell: 2,005
5. PD: 7,559 lot (1.39B) [Mix] | Avg Buy: 2,020 | Avg Sell: 1,926",-21771,"Buyer: Bandar 64%, Seller: Bandar 56% | Avg Buy Price: 1,982 | Avg Sell Price: 1,992",1982.0,,1964.6666666666667,1992.0,"[{'broker': 'AI', 'net_lot': 9919, 'net_value': 1966190100, 'avg_buy_price': 1982, 'avg_sell_price': None, 'category': 'Bandar'}, {'broker': 'RX', 'net_lot': 7470, 'net_value': 1491012000, 'avg_buy_price': 1996, 'avg_sell_price': None, 'category': 'Bandar'}, {'broker': 'XL', 'net_lot': 7288, 'net_value': 1435020200, 'avg_buy_price': 1969, 'avg_sell_price': None, 'category': 'Retail'}, {'broker': 'CD', 'net_lot': 6064, 'net_value': 1203548800, 'avg_buy_price': 1985, 'avg_sell_price': None, 'category': 'Bandar'}, {'broker': 'DR', 'net_lot': 5786, 'net_value': 1144578000, 'avg_buy_price': 1978, 'avg_sell_price': None, 'category': 'Retail'}]","[{'broker': 'CP', 'net_lot': 18196, 'net_value': 3671283400, 'avg_buy_price': 1939, 'avg_sell_price': 2013, 'category': 'Mix'}, {'broker': 'AK', 'net_lot': 15089, 'net_value': 3036525900, 'avg_buy_price': 1935, 'avg_sell_price': 2011, 'category': 'Bandar'}, {'broker': 'BK', 'net_lot': 9796, 'net_value': 1963686400, 'avg_buy_price': None, 'avg_sell_price': 2005, 'category': 'Bandar'}, {'broker': 'SQ', 'net_lot': 7658, 'net_value': 1535501800, 'avg_buy_price': None, 'avg_sell_price': 2005, 'category': 'Bandar'}, {'broker': 'PD', 'net_lot': 7559, 'net_value': 1389781400, 'avg_buy_price': 2020, 'avg_sell_price': 1926, 'category': 'Mix'}]"
BHAT,"1. FS: 6,125 lot (935.20M) [Bandar] | Avg Buy: 1,527
2. OD: 280 lot (43.06M) [Bandar] | Avg Buy: 1,538","1. CC: 6,224 lot (953.30M) [Mix] | Avg Sell: 1,532
2. ZP: 189 lot (28.81M) [Bandar] | Avg Sell: 1,524
3. BK: 52 lot (7.68M) [Bandar] | Avg Sell: 1,476
4. NI: 42 lot (6.17M) [Bandar] | Avg Sell: 1,470",-102,"Buyer: Bandar 100%, Seller: Mix 96% | Avg Buy Price: 1,532 | Avg Sell Price: 1,500",1532.5,,,1500.5,"[{'broker': 'FS', 'net_lot': 6125, 'net_value': 935198200, 'avg_buy_price': 1527, 'avg_sell_price': None, 'category': 'Bandar'}, {'broker': 'OD', 'net_lot': 280, 'net_value': 43064000, 'avg_buy_price': 1538, 'avg_sell_price': None, 'category': 'Bandar'}]","[{'broker': 'CC', 'net_lot': 6224, 'net_value': 953301000, 'avg_buy_price': None, 'avg_sell_price': 1532, 'category': 'Mix'}, {'broker': 'ZP', 'net_lot': 189, 'net_value': 28805400, 'avg_buy_price': None, 'avg_sell_price': 1524, 'category': 'Bandar'}, {'broker': 'BK', 'net_lot': 52, 'net_value': 7675200, 'avg_buy_price': None, 'avg_sell_price': 1476, 'category': 'Bandar'}, {'broker': 'NI', 'net_lot': 42, 'net_value': 6174000, 'avg_buy_price': None, 'avg_sell_price': 1470, 'category': 'Bandar'}]"
CASH,"1. YP: 9,204 lot (148.40M) [Mix] | Avg Buy: 161
2. SQ: 8,698 lot (145.62M) [Bandar] | Avg Buy: 167
3. CC: 7,111 lot (103.69M) [Mix] | Avg Buy: 153 | Avg Sell: 172
4. KK: 4,618 lot (75.54M) [Bandar] | Avg Buy: 164
5. PD: 3,681 lot (61.47M) [Mix] | Avg Buy: 167","1. AO: 9,900 lot (164.34M) [Bandar] | Avg Sell: 166
2. IN: 8,286 lot (124.91M) [Bandar] | Avg Buy: 168 | Avg Sell: 151
3. CP: 5,999 lot (101.98M) [Mix] | Avg Sell: 170
4. MG: 5,797 lot (99.71M) [Mix] | Avg Sell: 172
5. XA: 5,699 lot (93.01M) [Bandar] | Avg Sell: 163",-2369,"Buyer: Mix 60%, Seller: Bandar 67% | Avg Buy Price: 162 | Avg Sell Price: 164",162.4,172.0,168.0,164.4,"[{'broker': 'YP', 'net_lot': 9204, 'net_value': 148396700, 'avg_buy_price': 161, 'avg_sell_price': None, 'category': 'Mix'}, {'broker': 'SQ', 'net_lot': 8698, 'net_value': 145618000, 'avg_buy_price': 167, 'avg_sell_price': None, 'category': 'Bandar'}, {'broker': 'CC', 'net_lot': 7111, 'net_value': 103691100, 'avg_buy_price': 153, 'avg_sell_price': 172, 'category': 'Mix'}, {'broker': 'KK', 'net_lot': 4618, 'net_value': 75537000, 'avg_buy_price': 164, 'avg_sell_price': None, 'category': 'Bandar'}, {'broker': 'PD', 'net_lot': 3681, 'net_value': 61472700, 'avg_buy_price': 167, 'avg_sell_price': None, 'category': 'Mix'}]","[{'broker': 'AO', 'net_lot': 9900, 'net_value': 164340000, 'avg_buy_price': None, 'avg_sell_price': 166, 'category': 'Bandar'}, {'broker': 'IN', 'net_lot': 8286, 'net_value': 124914600, 'avg_buy_price': 168, 'avg_sell_price': 151, 'category': 'Bandar'}, {'broker': 'CP', 'net_lot': 5999, 'net_value': 101983000, 'avg_buy_price': None, 'avg_sell_price': 170, 'category': 'Mix'}, {'broker': 'MG', 'net_lot': 5797, 'net_value': 99708400, 'avg_buy_price': None, 'avg_sell_price': 172, 'category': 'Mix'}, {'broker': 'XA', 'net_lot': 5699, 'net_value': 93013400, 'avg_buy_price': None, 'avg_sell_price': 163, 'category': 'Bandar'}]"
SOHO,"1. CC: 1,577 lot (515.36M) [Mix] | Avg Buy: 3,268
2. KK: 1,122 lot (388.78M) [Bandar] | Avg Buy: 3,401 | Avg Sell: 2,682
3. XL: 1,171 lot (363.17M) [Retail] | Avg Buy: 3,101
4. LG: 382 lot (115.19M) [Bandar] | Avg Buy: 3,015
5. OD: 201 lot (56.55M) [Bandar] | Avg Buy: 2,814","1. CP: 1,115 lot (364.85M) [Mix] | Avg Sell: 3,272
2. XC: 1,071 lot (333.22M) [Retail] | Avg Sell: 3,111
3. YP: 892 lot (291.15M) [Mix] | Avg Sell: 3,264
4. ZP: 598 lot (199.01M) [Bandar] | Avg Sell: 3,328
5. HD: 418 lot (133.05M) [Bandar] | Avg Sell: 3,183",359,"Buyer: Bandar 38%, Seller: Mix 49% | Avg Buy Price: 3,120 | Avg Sell Price: 3,232",3119.8,2682.0,,3231.6,"[{'broker': 'CC', 'net_lot': 1577, 'net_value': 515363600, 'avg_buy_price': 3268, 'avg_sell_price': None, 'category': 'Mix'}, {'broker': 'KK', 'net_lot': 1122, 'net_value': 388782200, 'avg_buy_price': 3401, 'avg_sell_price': 2682, 'category': 'Bandar'}, {'broker': 'XL', 'net_lot': 1171, 'net_value': 363170000, 'avg_buy_price': 3101, 'avg_sell_price': None, 'category': 'Retail'}, {'broker': 'LG', 'net_lot': 382, 'net_value': 115191200, 'avg_buy_price': 3015, 'avg_sell_price': None, 'category': 'Bandar'}, {'broker': 'OD', 'net_lot': 201, 'net_value': 56552900, 'avg_buy_price': 2814, 'avg_sell_price': None, 'category': 'Bandar'}]","[{'broker': 'CP', 'net_lot': 1115, 'net_value': 364848100, 'avg_buy_price': None, 'avg_sell_price': 3272, 'category': 'Mix'}, {'broker': 'XC', 'net_lot': 1071, 'net_value': 333221600, 'avg_buy_price': None, 'avg_sell_price': 3111, 'category': 'Retail'}, {'broker': 'YP', 'net_lot': 892, 'net_value': 291148800, 'avg_buy_price': None, 'avg_sell_price': 3264, 'category': 'Mix'}, {'broker': 'ZP', 'net_lot': 598, 'net_value': 199014400, 'avg_buy_price': None, 'avg_sell_price': 3328, 'category': 'Bandar'}, {'broker': 'HD', 'net_lot': 418, 'net_value': 133049400, 'avg_buy_price': None, 'avg_sell_price': 3183, 'category': 'Bandar'}]"
EDGE,"1. XL: 474 lot (236.19M) [Retail] | Avg Buy: 4,983
2. CC: 58 lot (30.61M) [Mix] | Avg Buy: 5,185 | Avg Sell: 5,066
3. KK: 44 lot (22.41M) [Bandar] | Avg Buy: 5,093
4. PC: 1 lot (495,000) [Bandar] | Avg Buy: 4,950","1. OD: 667 lot (334.60M) [Bandar] | Avg Sell: 5,016
2. LG: 62 lot (31.02M) [Bandar] | Avg Buy: 5,000 | Avg Sell: 5,002
3. PD: 28 lot (14.94M) [Mix] | Avg Sell: 5,335
4. YP: 12 lot (4.71M) [Mix] | Avg Buy: 5,118 | Avg Sell: 4,975",-192,"Buyer: Retail 82%, Seller: Bandar 95% | Avg Buy Price: 5,053 | Avg Sell Price: 5,082",5052.75,5066.0,5059.0,5082.0,"[{'broker': 'XL', 'net_lot': 474, 'net_value': 236194200, 'avg_buy_price': 4983, 'avg_sell_price': None, 'category': 'Retail'}, {'broker': 'CC', 'net_lot': 58, 'net_value': 30608500, 'avg_buy_price': 5185, 'avg_sell_price': 5066, 'category': 'Mix'}, {'broker': 'KK', 'net_lot': 44, 'net_value': 22409200, 'avg_buy_price': 5093, 'avg_sell_price': None, 'category': 'Bandar'}, {'broker': 'PC', 'net_lot': 1, 'net_value': 495000, 'avg_buy_price': 4950, 'avg_sell_price': None, 'category': 'Bandar'}]","[{'broker': 'OD', 'net_lot': 667, 'net_value': 334598700, 'avg_buy_price': None, 'avg_sell_price': 5016, 'category': 'Bandar'}, {'broker': 'LG', 'net_lot': 62, 'net_value': 31017400, 'avg_buy_price': 5000, 'avg_sell_price': 5002, 'category': 'Bandar'}, {'broker': 'PD', 'net_lot': 28, 'net_value': 14938000, 'avg_buy_price': None, 'avg_sell_price': 5335, 'category': 'Mix'}, {'broker': 'YP', 'net_lot': 12, 'net_value': 4711600, 'avg_buy_price': 5118, 'avg_sell_price': 4975, 'category': 'Mix'}]"
BAUT,"1. XL: 46,289 lot (250.33M) [Retail] | Avg Buy: 53 | Avg Sell: 52
2. CP: 39,808 lot (199.42M) [Mix] | Avg Buy: 52 | Avg Sell: 53
3. IF: 20,620 lot (107.22M) [Mix] | Avg Buy: 52
4. CC: 20,031 lot (104.16M) [Mix] | Avg Buy: 52 | Avg Sell: 52
5. IU: 19,999 lot (101.34M) [Bandar] | Avg Buy: 52 | Avg Sell: 54","1. YP: 82,105 lot (426.71M) [Mix] | Avg Sell: 52
2. OD: 22,164 lot (115.25M) [Bandar] | Avg Sell: 52
3. BQ: 20,048 lot (104.25M) [Bandar] | Avg Sell: 52
4. AI: 14,500 lot (75.40M) [Bandar] | Avg Sell: 52
5. KK: 14,215 lot (73.92M) [Bandar] | Avg Sell: 52",-6285,"Buyer: Mix 55%, Seller: Mix 54% | Avg Buy Price: 52 | Avg Sell Price: 52",52.2,52.75,,52.0,"[{'broker': 'XL', 'net_lot': 46289, 'net_value': 250330400, 'avg_buy_price': 53, 'avg_sell_price': 52, 'category': 'Retail'}, {'broker': 'CP', 'net_lot': 39808, 'net_value': 199422000, 'avg_buy_price': 52, 'avg_sell_price': 53, 'category': 'Mix'}, {'broker': 'IF', 'net_lot': 20620, 'net_value': 107224000, 'avg_buy_price': 52, 'avg_sell_price': None, 'category': 'Mix'}, {'broker': 'CC', 'net_lot': 20031, 'net_value': 104161200, 'avg_buy_price': 52, 'avg_sell_price': 52, 'category': 'Mix'}, {'broker': 'IU', 'net_lot': 19999, 'net_value': 101336000, 'avg_buy_price': 52, 'avg_sell_price': 54, 'category': 'Bandar'}]","[{'broker': 'YP', 'net_lot': 82105, 'net_value': 426711700, 'avg_buy_price': None, 'avg_sell_price': 52, 'category': 'Mix'}, {'broker': 'OD', 'net_lot': 22164, 'net_value': 115252800, 'avg_buy_price': None, 'avg_sell_price': 52, 'category': 'Bandar'}, {'broker': 'BQ', 'net_lot': 20048, 'net_value': 104249600, 'avg_buy_price': None, 'avg_sell_price': 52, 'category': 'Bandar'}, {'broker': 'AI', 'net_lot': 14500, 'net_value': 75400000, 'avg_buy_price': None, 'avg_sell_price': 52, 'category': 'Bandar'}, {'broker': 'KK', 'net_lot': 14215, 'net_value': 73918000, 'avg_buy_price': None, 'avg_sell_price': 52, 'category': 'Bandar'}]"
ELPI,"1. PD: 2,873 lot (389.58M) [Mix] | Avg Buy: 1,356
2. YP: 1,973 lot (268.02M) [Mix] | Avg Buy: 1,358
3. BR: 925 lot (126.17M) [Bandar] | Avg Buy: 1,364
4. CC: 820 lot (110.36M) [Mix] | Avg Buy: 1,346
5. TP: 693 lot (93.42M) [Bandar] | Avg Buy: 1,348","1. XL: 3,759 lot (505.70M) [Retail] | Avg Sell: 1,345
2. OD: 1,644 lot (216.18M) [Bandar] | Avg Sell: 1,315
3. LG: 1,172 lot (160.70M) [Bandar] | Avg Buy: 1,307 | Avg Sell: 1,361
4. CP: 532 lot (72.54M) [Mix] | Avg Sell: 1,364
5. ZP: 515 lot (71.33M) [Bandar] | Avg Sell: 1,385",-338,"Buyer: Mix 78%, Seller: Retail 49% | Avg Buy Price: 1,354 | Avg Sell Price: 1,354",1354.4,,1307.0,1354.0,"[{'broker': 'PD', 'net_lot': 2873, 'net_value': 389578800, 'avg_buy_price': 1356, 'avg_sell_price': None, 'category': 'Mix'}, {'broker': 'YP', 'net_lot': 1973, 'net_value': 268020600, 'avg_buy_price': 1358, 'avg_sell_price': None, 'category': 'Mix'}, {'broker': 'BR', 'net_lot': 925, 'net_value': 126170000, 'avg_buy_price': 1364, 'avg_sell_price': None, 'category': 'Bandar'}, {'broker': 'CC', 'net_lot': 820, 'net_value': 110363000, 'avg_buy_price': 1346, 'avg_sell_price': None, 'category': 'Mix'}, {'broker': 'TP', 'net_lot': 693, 'net_value': 93416400, 'avg_buy_price': 1348, 'avg_sell_price': None, 'category': 'Bandar'}]","[{'broker': 'XL', 'net_lot': 3759, 'net_value': 505698900, 'avg_buy_price': None, 'avg_sell_price': 1345, 'category': 'Retail'}, {'broker': 'OD', 'net_lot': 1644, 'net_value': 216176200, 'avg_buy_price': None, 'avg_sell_price': 1315, 'category': 'Bandar'}, {'broker': 'LG', 'net_lot': 1172, 'net_value': 160702600, 'avg_buy_price': 1307, 'avg_sell_price': 1361, 'category': 'Bandar'}, {'broker': 'CP', 'net_lot': 532, 'net_value': 72541200, 'avg_buy_price': None, 'avg_sell_price': 1364, 'category': 'Mix'}, {'broker': 'ZP', 'net_lot': 515, 'net_value': 71330400, 'avg_buy_price': None, 'avg_sell_price': 1385, 'category': 'Bandar'}]"
KDTN,"1. ZP: 5,234 lot (644.93M) [Bandar] | Avg Buy: 1,232
2. OD: 1,602 lot (198.01M) [Bandar] | Avg Buy: 1,237 | Avg Sell: 1,250
3. YB: 1,610 lot (194.65M) [Retail] | Avg Buy: 1,209
4. PD: 1,538 lot (190.11M) [Mix] | Avg Buy: 1,236 | Avg Sell: 1,235
5. TP: 1,487 lot (181.53M) [Bandar] | Avg Buy: 1,221","1. XL: 3,728 lot (458.47M) [Retail] | Avg Sell: 1,230
2. AK: 2,330 lot (286.27M) [Bandar] | Avg Sell: 1,229
3. LG: 2,196 lot (272.96M) [Bandar] | Avg Sell: 1,243
4. NI: 2,199 lot (266.16M) [Bandar] | Avg Sell: 1,210
5. OK: 1,000 lot (125.40M) [Retail] | Avg Sell: 1,254",18,"Buyer: Bandar 73%, Seller: Bandar 59% | Avg Buy Price: 1,227 | Avg Sell Price: 1,233",1227.0,1242.5,,1233.2,"[{'broker': 'ZP', 'net_lot': 5234, 'net_value': 644934400, 'avg_buy_price': 1232, 'avg_sell_price': None, 'category': 'Bandar'}, {'broker': 'OD', 'net_lot': 1602, 'net_value': 198010100, 'avg_buy_price': 1237, 'avg_sell_price': 1250, 'category': 'Bandar'}, {'broker': 'YB', 'net_lot': 1610, 'net_value': 194649000, 'avg_buy_price': 1209, 'avg_sell_price': None, 'category': 'Retail'}, {'broker': 'PD', 'net_lot': 1538, 'net_value': 190107700, 'avg_buy_price': 1236, 'avg_sell_price': 1235, 'category': 'Mix'}, {'broker': 'TP', 'net_lot': 1487, 'net_value': 181533100, 'avg_buy_price': 1221, 'avg_sell_price': None, 'category': 'Bandar'}]","[{'broker': 'XL', 'net_lot': 3728, 'net_value': 458473800, 'avg_buy_price': None, 'avg_sell_price': 1230, 'category': 'Retail'}, {'broker': 'AK', 'net_lot': 2330, 'net_value': 286265400, 'avg_buy_price': None, 'avg_sell_price': 1229, 'category': 'Bandar'}, {'broker': 'LG', 'net_lot': 2196, 'net_value': 272962800, 'avg_buy_price': None, 'avg_sell_price': 1243, 'category': 'Bandar'}, {'broker': 'NI', 'net_lot': 2199, 'net_value': 266159100, 'avg_buy_price': None, 'avg_sell_price': 1210, 'category': 'Bandar'}, {'broker': 'OK', 'net_lot': 1000, 'net_value': 125400000, 'avg_buy_price': None, 'avg_sell_price': 1254, 'category': 'Retail'}]"
HAJJ,"1. YP: 9,989 lot (160.76M) [Mix] | Avg Buy: 161
2. SQ: 6,591 lot (102.97M) [Bandar] | Avg Buy: 157 | Avg Sell: 159
3. ZP: 5,946 lot (93.43M) [Bandar] | Avg Buy: 157
4. DR: 3,644 lot (57.21M) [Retail] | Avg Buy: 157
5. BK: 2,732 lot (44.80M) [Bandar] | Avg Buy: 164","1. CC: 24,016 lot (376.96M) [Mix] | Avg Sell: 157
2. XC: 2,325 lot (36.50M) [Retail] | Avg Sell: 157
3. RO: 2,172 lot (34.21M) [Bandar] | Avg Sell: 158
4. EP: 1,957 lot (31.12M) [Mix] | Avg Sell: 159
5. EL: 900 lot (14.20M) [Bandar] | Avg Buy: 160 | Avg Sell: 158",-2468,"Buyer: Bandar 53%, Seller: Mix 83% | Avg Buy Price: 159 | Avg Sell Price: 158",159.2,159.0,160.0,157.8,"[{'broker': 'YP', 'net_lot': 9989, 'net_value': 160755500, 'avg_buy_price': 161, 'avg_sell_price': None, 'category': 'Mix'}, {'broker': 'SQ', 'net_lot': 6591, 'net_value': 102971300, 'avg_buy_price': 157, 'avg_sell_price': 159, 'category': 'Bandar'}, {'broker': 'ZP', 'net_lot': 5946, 'net_value': 93430100, 'avg_buy_price': 157, 'avg_sell_price': None, 'category': 'Bandar'}, {'broker': 'DR', 'net_lot': 3644, 'net_value': 57210800, 'avg_buy_price': 157, 'avg_sell_price': None, 'category': 'Retail'}, {'broker': 'BK', 'net_lot': 2732, 'net_value': 44804800, 'avg_buy_price': 164, 'avg_sell_price': None, 'category': 'Bandar'}]","[{'broker': 'CC', 'net_lot': 24016, 'net_value': 376963200, 'avg_buy_price': None, 'avg_sell_price': 157, 'category': 'Mix'}, {'broker': 'XC', 'net_lot': 2325, 'net_value': 36502500, 'avg_buy_price': None, 'avg_sell_price': 157, 'category': 'Retail'}, {'broker': 'RO', 'net_lot': 2172, 'net_value': 34212900, 'avg_buy_price': None, 'avg_sell_price': 158, 'category': 'Bandar'}, {'broker': 'EP', 'net_lot': 1957, 'net_value': 31116300, 'avg_buy_price': None, 'avg_sell_price': 159, 'category': 'Mix'}, {'broker': 'EL', 'net_lot': 900, 'net_value': 14195000, 'avg_buy_price': 160, 'avg_sell_price': 158, 'category': 'Bandar'}]"
IKPM,"1. YP: 18,304 lot (516.17M) [Mix] | Avg Buy: 282
2. IN: 368 lot (10.16M) [Bandar] | Avg Buy: 276","1. AH: 5,196 lot (146.53M) [Bandar] | Avg Sell: 282
2. AZ: 2,238 lot (63.34M) [Retail] | Avg Sell: 283
3. SH: 2,100 lot (59.22M) [Bandar] | Avg Sell: 282
4. IH: 1,900 lot (53.58M) [Mix] | Avg Sell: 282
5. BQ: 1,489 lot (41.99M) [Bandar] | Avg Sell: 282",5749,"Buyer: Mix 98%, Seller: Bandar 68% | Avg Buy Price: 279 | Avg Sell Price: 282",279.0,,,282.2,"[{'broker': 'YP', 'net_lot': 18304, 'net_value': 516172800, 'avg_buy_price': 282, 'avg_sell_price': None, 'category': 'Mix'}, {'broker': 'IN', 'net_lot': 368, 'net_value': 10156800, 'avg_buy_price': 276, 'avg_sell_price': None, 'category': 'Bandar'}]","[{'broker': 'AH', 'net_lot': 5196, 'net_value': 146527200, 'avg_buy_price': None, 'avg_sell_price': 282, 'category': 'Bandar'}, {'broker': 'AZ', 'net_lot': 2238, 'net_value': 63335400, 'avg_buy_price': None, 'avg_sell_price': 283, 'category': 'Retail'}, {'broker': 'SH', 'net_lot': 2100, 'net_value': 59220000, 'avg_buy_price': None, 'avg_sell_price': 282, 'category': 'Bandar'}, {'broker': 'IH', 'net_lot': 1900, 'net_value': 53580000, 'avg_buy_price': None, 'avg_sell_price': 282, 'category': 'Mix'}, {'broker': 'BQ', 'net_lot': 1489, 'net_value': 41989800, 'avg_buy_price': None, 'avg_sell_price': 282, 'category': 'Bandar'}]"
KAQI,"1. YP: 50,856 lot (450.95M) [Mix] | Avg Buy: 88 | Avg Sell: 83
2. CC: 49,830 lot (418.90M) [Mix] | Avg Buy: 84
3. XL: 35,075 lot (306.69M) [Retail] | Avg Buy: 87 | Avg Sell: 83
4. NI: 11,578 lot (98.68M) [Bandar] | Avg Buy: 85 | Avg Sell: 83
5. RG: 7,000 lot (63.40M) [Bandar] | Avg Buy: 88 | Avg Sell: 82","1. GR: 79,127 lot (687.91M) [Bandar] | Avg Sell: 87
2. XA: 28,627 lot (237.60M) [Bandar] | Avg Sell: 83
3. AK: 18,864 lot (162.23M) [Bandar] | Avg Sell: 86
4. EP: 14,257 lot (125.46M) [Mix] | Avg Sell: 88
5. PD: 11,276 lot (98.10M) [Mix] | Avg Sell: 87",2188,"Buyer: Mix 65%, Seller: Bandar 83% | Avg Buy Price: 86 | Avg Sell Price: 86",86.4,82.75,,86.2,"[{'broker': 'YP', 'net_lot': 50856, 'net_value': 450947300, 'avg_buy_price': 88, 'avg_sell_price': 83, 'category': 'Mix'}, {'broker': 'CC', 'net_lot': 49830, 'net_value': 418897000, 'avg_buy_price': 84, 'avg_sell_price': None, 'category': 'Mix'}, {'broker': 'XL', 'net_lot': 35075, 'net_value': 306694900, 'avg_buy_price': 87, 'avg_sell_price': 83, 'category': 'Retail'}, {'broker': 'NI', 'net_lot': 11578, 'net_value': 98682400, 'avg_buy_price': 85, 'avg_sell_price': 83, 'category': 'Bandar'}, {'broker': 'RG', 'net_lot': 7000, 'net_value': 63400000, 'avg_buy_price': 88, 'avg_sell_price': 82, 'category': 'Bandar'}]","[{'broker': 'GR', 'net_lot': 79127, 'net_value': 687910400, 'avg_buy_price': None, 'avg_sell_price': 87, 'category': 'Bandar'}, {'broker': 'XA', 'net_lot': 28627, 'net_value': 237604100, 'avg_buy_price': None, 'avg_sell_price': 83, 'category': 'Bandar'}, {'broker': 'AK', 'net_lot': 18864, 'net_value': 162230400, 'avg_buy_price': None, 'avg_sell_price': 86, 'category': 'Bandar'}, {'broker': 'EP', 'net_lot': 14257, 'net_value': 125461600, 'avg_buy_price': None, 'avg_sell_price': 88, 'category': 'Mix'}, {'broker': 'PD', 'net_lot': 11276, 'net_value': 98101200, 'avg_buy_price': None, 'avg_sell_price': 87, 'category': 'Mix'}]"
MSJA,"1. MG: 156,865 lot (5.94B) [Mix] | Avg Buy: 378
2. CC: 47,973 lot (1.88B) [Mix] | Avg Buy: 392
3. AK: 18,006 lot (707.84M) [Bandar] | Avg Buy: 391 | Avg Sell: 387
4. BK: 12,073 lot (473.26M) [Bandar] | Avg Buy: 392
5. PD: 3,758 lot (150.27M) [Mix] | Avg Buy: 400","1. XA: 124,579 lot (4.67B) [Bandar] | Avg Sell: 375
2. AZ: 44,599 lot (1.73B) [Retail] | Avg Buy: 380 | Avg Sell: 387
3. IN: 34,905 lot (1.37B) [Bandar] | Avg Buy: 385 | Avg Sell: 393
4. YP: 15,659 lot (623.55M) [Mix] | Avg Sell: 398
5. XL: 6,832 lot (269.75M) [Retail] | Avg Buy: 392 | Avg Sell: 394",12101,"Buyer: Mix 87%, Seller: Bandar 70% | Avg Buy Price: 391 | Avg Sell Price: 389",390.6,387.0,385.6666666666667,389.4,"[{'broker': 'MG', 'net_lot': 156865, 'net_value': 5935151000, 'avg_buy_price': 378, 'avg_sell_price': None, 'category': 'Mix'}, {'broker': 'CC', 'net_lot': 47973, 'net_value': 1881677600, 'avg_buy_price': 392, 'avg_sell_price': None, 'category': 'Mix'}, {'broker': 'AK', 'net_lot': 18006, 'net_value': 707837000, 'avg_buy_price': 391, 'avg_sell_price': 387, 'category': 'Bandar'}, {'broker': 'BK', 'net_lot': 12073, 'net_value': 473261600, 'avg_buy_price': 392, 'avg_sell_price': None, 'category': 'Bandar'}, {'broker': 'PD', 'net_lot': 3758, 'net_value': 150270400, 'avg_buy_price': 400, 'avg_sell_price': None, 'category': 'Mix'}]","[{'broker': 'XA', 'net_lot': 124579, 'net_value': 4671712500, 'avg_buy_price': None, 'avg_sell_price': 375, 'category': 'Bandar'}, {'broker': 'AZ', 'net_lot': 44599, 'net_value': 1734509400, 'avg_buy_price': 380, 'avg_sell_price': 387, 'category': 'Retail'}, {'broker': 'IN', 'net_lot': 34905, 'net_value': 1372166500, 'avg_buy_price': 385, 'avg_sell_price': 393, 'category': 'Bandar'}, {'broker': 'YP', 'net_lot': 15659, 'net_value': 623552900, 'avg_buy_price': None, 'avg_sell_price': 398, 'category': 'Mix'}, {'broker': 'XL', 'net_lot': 6832, 'net_value': 269745800, 'avg_buy_price': 392, 'avg_sell_price': 394, 'category': 'Retail'}]"
