stock,top5_buyers,top5_sellers,net_volume,daily_summary,avg_buy_price_buyers,avg_sell_price_buyers,avg_buy_price_sellers,avg_sell_price_sellers,buyers_detail,sellers_detail
ANTM,"1. BB: 449,386 lot (171.51B) [Mix] | Avg Buy: 3,817
2. RX: 136,784 lot (51.60B) [Bandar] | Avg Buy: 3,773 | Avg Sell: 3,930
3. XL: 101,672 lot (39.13B) [Retail] | Avg Buy: 3,849
4. OD: 98,778 lot (37.59B) [Bandar] | Avg Buy: 3,806
5. NI: 72,606 lot (28.03B) [Bandar] | Avg Buy: 3,861","1. AK: 323,456 lot (124.84B) [Bandar] | Avg Sell: 3,860
2. BK: 219,403 lot (85.23B) [Bandar] | Avg Sell: 3,884
3. LG: 168,125 lot (61.19B) [Bandar] | Avg Buy: 3,936 | Avg Sell: 3,712
4. ZP: 127,023 lot (48.62B) [Bandar] | Avg Sell: 3,828
5. AI: 95,553 lot (35.64B) [Bandar] | Avg Buy: 3,945 | Avg Sell: 3,740",-74334,"Buyer: Mix 52%, Seller: Bandar 100% | Avg Buy Price: 3,821 | Avg Sell Price: 3,805",3821.2,3930.0,3940.5,3804.8,"[{'broker': 'BB', 'net_lot': 449386, 'net_value': 171508628200, 'avg_buy_price': 3817, 'avg_sell_price': None, 'category': 'Mix'}, {'broker': 'RX', 'net_lot': 136784, 'net_value': 51595949000, 'avg_buy_price': 3773, 'avg_sell_price': 3930, 'category': 'Bandar'}, {'broker': 'XL', 'net_lot': 101672, 'net_value': 39134348000, 'avg_buy_price': 3849, 'avg_sell_price': None, 'category': 'Retail'}, {'broker': 'OD', 'net_lot': 98778, 'net_value': 37591538400, 'avg_buy_price': 3806, 'avg_sell_price': None, 'category': 'Bandar'}, {'broker': 'NI', 'net_lot': 72606, 'net_value': 28032226800, 'avg_buy_price': 3861, 'avg_sell_price': None, 'category': 'Bandar'}]","[{'broker': 'AK', 'net_lot': 323456, 'net_value': 124839272200, 'avg_buy_price': None, 'avg_sell_price': 3860, 'category': 'Bandar'}, {'broker': 'BK', 'net_lot': 219403, 'net_value': 85225947800, 'avg_buy_price': None, 'avg_sell_price': 3884, 'category': 'Bandar'}, {'broker': 'LG', 'net_lot': 168125, 'net_value': 61185968000, 'avg_buy_price': 3936, 'avg_sell_price': 3712, 'category': 'Bandar'}, {'broker': 'ZP', 'net_lot': 127023, 'net_value': 48623922300, 'avg_buy_price': None, 'avg_sell_price': 3828, 'category': 'Bandar'}, {'broker': 'AI', 'net_lot': 95553, 'net_value': 35636741000, 'avg_buy_price': 3945, 'avg_sell_price': 3740, 'category': 'Bandar'}]"
BBTN,"1. DX: 39,161 lot (4.77B) [Bandar] | Avg Buy: 1,217
2. PD: 35,839 lot (4.37B) [Mix] | Avg Buy: 1,220
3. BB: 31,954 lot (3.90B) [Mix] | Avg Buy: 1,219
4. LG: 31,004 lot (3.78B) [Bandar] | Avg Buy: 1,220
5. RX: 29,573 lot (3.58B) [Bandar] | Avg Buy: 1,211 | Avg Sell: 1,225","1. CC: 94,989 lot (11.57B) [Mix] | Avg Sell: 1,218
2. AK: 74,899 lot (9.18B) [Bandar] | Avg Buy: 1,219 | Avg Sell: 1,225
3. BK: 55,590 lot (6.75B) [Bandar] | Avg Sell: 1,213
4. YP: 28,468 lot (3.48B) [Mix] | Avg Sell: 1,222
5. OD: 9,389 lot (1.15B) [Bandar] | Avg Sell: 1,223",-95804,"Buyer: Bandar 60%, Seller: Bandar 53% | Avg Buy Price: 1,217 | Avg Sell Price: 1,220",1217.4,1225.0,1219.0,1220.2,"[{'broker': 'DX', 'net_lot': 39161, 'net_value': 4766215600, 'avg_buy_price': 1217, 'avg_sell_price': None, 'category': 'Bandar'}, {'broker': 'PD', 'net_lot': 35839, 'net_value': 4371660100, 'avg_buy_price': 1220, 'avg_sell_price': None, 'category': 'Mix'}, {'broker': 'BB', 'net_lot': 31954, 'net_value': 3895192600, 'avg_buy_price': 1219, 'avg_sell_price': None, 'category': 'Mix'}, {'broker': 'LG', 'net_lot': 31004, 'net_value': 3783806000, 'avg_buy_price': 1220, 'avg_sell_price': None, 'category': 'Bandar'}, {'broker': 'RX', 'net_lot': 29573, 'net_value': 3580692500, 'avg_buy_price': 1211, 'avg_sell_price': 1225, 'category': 'Bandar'}]","[{'broker': 'CC', 'net_lot': 94989, 'net_value': 11573409700, 'avg_buy_price': None, 'avg_sell_price': 1218, 'category': 'Mix'}, {'broker': 'AK', 'net_lot': 74899, 'net_value': 9176217700, 'avg_buy_price': 1219, 'avg_sell_price': 1225, 'category': 'Bandar'}, {'broker': 'BK', 'net_lot': 55590, 'net_value': 6745076800, 'avg_buy_price': None, 'avg_sell_price': 1213, 'category': 'Bandar'}, {'broker': 'YP', 'net_lot': 28468, 'net_value': 3478909200, 'avg_buy_price': None, 'avg_sell_price': 1222, 'category': 'Mix'}, {'broker': 'OD', 'net_lot': 9389, 'net_value': 1148236000, 'avg_buy_price': None, 'avg_sell_price': 1223, 'category': 'Bandar'}]"
BIPI,"1. XL: 3,099,163 lot (47.48B) [Retail] | Avg Buy: 154 | Avg Sell: 169
2. II: 660,050 lot (11.02B) [Mix] | Avg Buy: 167
3. YP: 593,744 lot (9.29B) [Mix] | Avg Buy: 156
4. XC: 441,893 lot (6.80B) [Retail] | Avg Buy: 154 | Avg Sell: 170
5. PD: 403,123 lot (6.23B) [Mix] | Avg Buy: 155 | Avg Sell: 170","1. AK: 3,244,275 lot (48.84B) [Bandar] | Avg Sell: 151
2. BK: 1,496,734 lot (22.09B) [Bandar] | Avg Sell: 148
3. ZP: 715,171 lot (11.15B) [Bandar] | Avg Sell: 156
4. GA: 370,339 lot (5.93B) [Bandar] | Avg Sell: 160
5. YB: 381,577 lot (5.77B) [Retail] | Avg Sell: 151",-1010123,"Buyer: Retail 68%, Seller: Bandar 94% | Avg Buy Price: 157 | Avg Sell Price: 153",157.2,169.66666666666666,,153.2,"[{'broker': 'XL', 'net_lot': 3099163, 'net_value': 47482058200, 'avg_buy_price': 154, 'avg_sell_price': 169, 'category': 'Retail'}, {'broker': 'II', 'net_lot': 660050, 'net_value': 11022710000, 'avg_buy_price': 167, 'avg_sell_price': None, 'category': 'Mix'}, {'broker': 'YP', 'net_lot': 593744, 'net_value': 9288546900, 'avg_buy_price': 156, 'avg_sell_price': None, 'category': 'Mix'}, {'broker': 'XC', 'net_lot': 441893, 'net_value': 6800800200, 'avg_buy_price': 154, 'avg_sell_price': 170, 'category': 'Retail'}, {'broker': 'PD', 'net_lot': 403123, 'net_value': 6232539500, 'avg_buy_price': 155, 'avg_sell_price': 170, 'category': 'Mix'}]","[{'broker': 'AK', 'net_lot': 3244275, 'net_value': 48844021500, 'avg_buy_price': None, 'avg_sell_price': 151, 'category': 'Bandar'}, {'broker': 'BK', 'net_lot': 1496734, 'net_value': 22094493900, 'avg_buy_price': None, 'avg_sell_price': 148, 'category': 'Bandar'}, {'broker': 'ZP', 'net_lot': 715171, 'net_value': 11152678400, 'avg_buy_price': None, 'avg_sell_price': 156, 'category': 'Bandar'}, {'broker': 'GA', 'net_lot': 370339, 'net_value': 5929024000, 'avg_buy_price': None, 'avg_sell_price': 160, 'category': 'Bandar'}, {'broker': 'YB', 'net_lot': 381577, 'net_value': 5772488800, 'avg_buy_price': None, 'avg_sell_price': 151, 'category': 'Retail'}]"
HMSP,"1. ZP: 106,460 lot (8.88B) [Bandar] | Avg Buy: 834
2. BK: 86,926 lot (7.10B) [Bandar] | Avg Buy: 817
3. AO: 81,444 lot (6.62B) [Bandar] | Avg Buy: 813
4. MG: 68,330 lot (5.76B) [Mix] | Avg Buy: 842
5. LG: 57,530 lot (4.81B) [Bandar] | Avg Buy: 837","1. CC: 166,990 lot (13.83B) [Mix] | Avg Sell: 828
2. CP: 57,638 lot (4.57B) [Mix] | Avg Buy: 842 | Avg Sell: 800
3. OD: 52,257 lot (4.28B) [Bandar] | Avg Sell: 819
4. YP: 42,802 lot (3.71B) [Mix] | Avg Buy: 807 | Avg Sell: 837
5. XA: 41,114 lot (3.39B) [Bandar] | Avg Sell: 825",39889,"Buyer: Bandar 83%, Seller: Mix 74% | Avg Buy Price: 829 | Avg Sell Price: 822",828.6,,824.5,821.8,"[{'broker': 'ZP', 'net_lot': 106460, 'net_value': 8882967200, 'avg_buy_price': 834, 'avg_sell_price': None, 'category': 'Bandar'}, {'broker': 'BK', 'net_lot': 86926, 'net_value': 7102362000, 'avg_buy_price': 817, 'avg_sell_price': None, 'category': 'Bandar'}, {'broker': 'AO', 'net_lot': 81444, 'net_value': 6619541300, 'avg_buy_price': 813, 'avg_sell_price': None, 'category': 'Bandar'}, {'broker': 'MG', 'net_lot': 68330, 'net_value': 5756651500, 'avg_buy_price': 842, 'avg_sell_price': None, 'category': 'Mix'}, {'broker': 'LG', 'net_lot': 57530, 'net_value': 4814789100, 'avg_buy_price': 837, 'avg_sell_price': None, 'category': 'Bandar'}]","[{'broker': 'CC', 'net_lot': 166990, 'net_value': 13829407900, 'avg_buy_price': None, 'avg_sell_price': 828, 'category': 'Mix'}, {'broker': 'CP', 'net_lot': 57638, 'net_value': 4568901400, 'avg_buy_price': 842, 'avg_sell_price': 800, 'category': 'Mix'}, {'broker': 'OD', 'net_lot': 52257, 'net_value': 4278877800, 'avg_buy_price': None, 'avg_sell_price': 819, 'category': 'Bandar'}, {'broker': 'YP', 'net_lot': 42802, 'net_value': 3706775400, 'avg_buy_price': 807, 'avg_sell_price': 837, 'category': 'Mix'}, {'broker': 'XA', 'net_lot': 41114, 'net_value': 3392967900, 'avg_buy_price': None, 'avg_sell_price': 825, 'category': 'Bandar'}]"
INCO,"1. AZ: 42,758 lot (25.03B) [Retail] | Avg Buy: 5,853
2. NI: 41,239 lot (24.36B) [Bandar] | Avg Buy: 5,907
3. OD: 41,927 lot (24.24B) [Bandar] | Avg Buy: 5,782
4. ZP: 20,565 lot (12.79B) [Bandar] | Avg Buy: 6,129 | Avg Sell: 5,795
5. AI: 16,089 lot (9.61B) [Bandar] | Avg Buy: 5,975","1. CC: 71,282 lot (40.81B) [Mix] | Avg Sell: 5,725
2. BK: 47,600 lot (29.10B) [Bandar] | Avg Buy: 5,711 | Avg Sell: 6,086
3. DR: 28,161 lot (16.13B) [Retail] | Avg Sell: 5,728
4. TP: 22,761 lot (13.20B) [Bandar] | Avg Sell: 5,799
5. DX: 7,802 lot (4.45B) [Bandar] | Avg Sell: 5,703",-15028,"Buyer: Bandar 74%, Seller: Bandar 44% | Avg Buy Price: 5,929 | Avg Sell Price: 5,808",5929.2,5795.0,5711.0,5808.2,"[{'broker': 'AZ', 'net_lot': 42758, 'net_value': 25026558400, 'avg_buy_price': 5853, 'avg_sell_price': None, 'category': 'Retail'}, {'broker': 'NI', 'net_lot': 41239, 'net_value': 24360943500, 'avg_buy_price': 5907, 'avg_sell_price': None, 'category': 'Bandar'}, {'broker': 'OD', 'net_lot': 41927, 'net_value': 24242115300, 'avg_buy_price': 5782, 'avg_sell_price': None, 'category': 'Bandar'}, {'broker': 'ZP', 'net_lot': 20565, 'net_value': 12785516900, 'avg_buy_price': 6129, 'avg_sell_price': 5795, 'category': 'Bandar'}, {'broker': 'AI', 'net_lot': 16089, 'net_value': 9613108500, 'avg_buy_price': 5975, 'avg_sell_price': None, 'category': 'Bandar'}]","[{'broker': 'CC', 'net_lot': 71282, 'net_value': 40806083400, 'avg_buy_price': None, 'avg_sell_price': 5725, 'category': 'Mix'}, {'broker': 'BK', 'net_lot': 47600, 'net_value': 29096072500, 'avg_buy_price': 5711, 'avg_sell_price': 6086, 'category': 'Bandar'}, {'broker': 'DR', 'net_lot': 28161, 'net_value': 16131779400, 'avg_buy_price': None, 'avg_sell_price': 5728, 'category': 'Retail'}, {'broker': 'TP', 'net_lot': 22761, 'net_value': 13199931300, 'avg_buy_price': None, 'avg_sell_price': 5799, 'category': 'Bandar'}, {'broker': 'DX', 'net_lot': 7802, 'net_value': 4449480600, 'avg_buy_price': None, 'avg_sell_price': 5703, 'category': 'Bandar'}]"
INDY,"1. AK: 138,657 lot (39.83B) [Bandar] | Avg Buy: 2,872
2. YU: 40,154 lot (11.85B) [Bandar] | Avg Buy: 2,952
3. BB: 30,005 lot (9.11B) [Mix] | Avg Buy: 3,037 | Avg Sell: 3,038
4. ZP: 29,243 lot (8.67B) [Bandar] | Avg Buy: 2,966
5. LG: 19,751 lot (5.99B) [Bandar] | Avg Buy: 3,031","1. CC: 109,835 lot (34.00B) [Mix] | Avg Buy: 2,851 | Avg Sell: 3,037
2. PD: 50,722 lot (14.48B) [Mix] | Avg Buy: 3,009 | Avg Sell: 2,885
3. CP: 39,859 lot (11.48B) [Mix] | Avg Sell: 2,881
4. IF: 22,719 lot (6.62B) [Mix] | Avg Sell: 2,915
5. AZ: 18,336 lot (5.14B) [Retail] | Avg Buy: 2,985 | Avg Sell: 2,891",16339,"Buyer: Bandar 88%, Seller: Mix 92% | Avg Buy Price: 2,972 | Avg Sell Price: 2,922",2971.6,3038.0,2948.3333333333335,2921.8,"[{'broker': 'AK', 'net_lot': 138657, 'net_value': 39828591300, 'avg_buy_price': 2872, 'avg_sell_price': None, 'category': 'Bandar'}, {'broker': 'YU', 'net_lot': 40154, 'net_value': 11854729600, 'avg_buy_price': 2952, 'avg_sell_price': None, 'category': 'Bandar'}, {'broker': 'BB', 'net_lot': 30005, 'net_value': 9111851400, 'avg_buy_price': 3037, 'avg_sell_price': 3038, 'category': 'Mix'}, {'broker': 'ZP', 'net_lot': 29243, 'net_value': 8672496300, 'avg_buy_price': 2966, 'avg_sell_price': None, 'category': 'Bandar'}, {'broker': 'LG', 'net_lot': 19751, 'net_value': 5985802700, 'avg_buy_price': 3031, 'avg_sell_price': None, 'category': 'Bandar'}]","[{'broker': 'CC', 'net_lot': 109835, 'net_value': 33995129900, 'avg_buy_price': 2851, 'avg_sell_price': 3037, 'category': 'Mix'}, {'broker': 'PD', 'net_lot': 50722, 'net_value': 14476573400, 'avg_buy_price': 3009, 'avg_sell_price': 2885, 'category': 'Mix'}, {'broker': 'CP', 'net_lot': 39859, 'net_value': 11482777700, 'avg_buy_price': None, 'avg_sell_price': 2881, 'category': 'Mix'}, {'broker': 'IF', 'net_lot': 22719, 'net_value': 6622501500, 'avg_buy_price': None, 'avg_sell_price': 2915, 'category': 'Mix'}, {'broker': 'AZ', 'net_lot': 18336, 'net_value': 5141551200, 'avg_buy_price': 2985, 'avg_sell_price': 2891, 'category': 'Retail'}]"
ITMA,"1. TS: 46,360 lot (10.23B) [Bandar] | Avg Buy: 2,207
2. CC: 20,772 lot (3.93B) [Mix] | Avg Buy: 1,884 | Avg Sell: 2,221
3. MU: 998 lot (230.65M) [Bandar]
4. XL: 833 lot (182.08M) [Retail] | Avg Buy: 2,101 | Avg Sell: 1,909
5. NI: 453 lot (88.56M) [Bandar] | Avg Buy: 1,955","1. II: 24,109 lot (6.13B) [Mix]
2. AK: 15,912 lot (3.12B) [Bandar] | Avg Sell: 1,964
3. BR: 12,761 lot (2.44B) [Bandar] | Avg Buy: 1,910 | Avg Sell: 1,910
4. HD: 5,146 lot (955.61M) [Bandar] | Avg Sell: 1,857
5. LG: 5,000 lot (934.50M) [Bandar] | Avg Sell: 1,869",6488,"Buyer: Bandar 69%, Seller: Bandar 62% | Avg Buy Price: 2,037 | Avg Sell Price: 1,900",2036.75,2147.0,2226.0,1900.0,"[{'broker': 'TS', 'net_lot': 46360, 'net_value': 10231854200, 'avg_buy_price': 2207, 'avg_sell_price': None, 'category': 'Bandar'}, {'broker': 'CC', 'net_lot': 20772, 'net_value': 3927834700, 'avg_buy_price': 1884, 'avg_sell_price': 2221, 'category': 'Mix'}, {'broker': 'MU', 'net_lot': 998, 'net_value': 230651600, 'avg_buy_price': None, 'avg_sell_price': 2311, 'category': 'Bandar'}, {'broker': 'XL', 'net_lot': 833, 'net_value': 182078900, 'avg_buy_price': 2101, 'avg_sell_price': 1909, 'category': 'Retail'}, {'broker': 'NI', 'net_lot': 453, 'net_value': 88561500, 'avg_buy_price': 1955, 'avg_sell_price': None, 'category': 'Bandar'}]","[{'broker': 'II', 'net_lot': 24109, 'net_value': 6127327800, 'avg_buy_price': 2542, 'avg_sell_price': None, 'category': 'Mix'}, {'broker': 'AK', 'net_lot': 15912, 'net_value': 3124719000, 'avg_buy_price': None, 'avg_sell_price': 1964, 'category': 'Bandar'}, {'broker': 'BR', 'net_lot': 12761, 'net_value': 2437351000, 'avg_buy_price': 1910, 'avg_sell_price': 1910, 'category': 'Bandar'}, {'broker': 'HD', 'net_lot': 5146, 'net_value': 955612200, 'avg_buy_price': None, 'avg_sell_price': 1857, 'category': 'Bandar'}, {'broker': 'LG', 'net_lot': 5000, 'net_value': 934500000, 'avg_buy_price': None, 'avg_sell_price': 1869, 'category': 'Bandar'}]"
JSMR,"1. BB: 46,060 lot (16.61B) [Mix] | Avg Buy: 3,605
2. YP: 12,351 lot (4.44B) [Mix] | Avg Buy: 3,597 | Avg Sell: 3,646
3. LG: 6,985 lot (2.55B) [Bandar] | Avg Buy: 3,653 | Avg Sell: 3,611
4. DH: 6,339 lot (2.29B) [Bandar] | Avg Buy: 3,613
5. AK: 3,566 lot (1.28B) [Bandar] | Avg Buy: 3,583","1. CC: 18,931 lot (6.80B) [Mix] | Avg Sell: 3,594
2. DX: 18,591 lot (6.68B) [Bandar] | Avg Buy: 3,618 | Avg Sell: 3,596
3. ZP: 8,782 lot (3.16B) [Bandar] | Avg Sell: 3,595
4. KI: 7,871 lot (2.85B) [Bandar] | Avg Sell: 3,627
5. GR: 4,070 lot (1.47B) [Bandar] | Avg Sell: 3,600",17056,"Buyer: Mix 78%, Seller: Bandar 67% | Avg Buy Price: 3,610 | Avg Sell Price: 3,602",3610.2,3628.5,3618.0,3602.4,"[{'broker': 'BB', 'net_lot': 46060, 'net_value': 16605291500, 'avg_buy_price': 3605, 'avg_sell_price': None, 'category': 'Mix'}, {'broker': 'YP', 'net_lot': 12351, 'net_value': 4439871500, 'avg_buy_price': 3597, 'avg_sell_price': 3646, 'category': 'Mix'}, {'broker': 'LG', 'net_lot': 6985, 'net_value': 2552401700, 'avg_buy_price': 3653, 'avg_sell_price': 3611, 'category': 'Bandar'}, {'broker': 'DH', 'net_lot': 6339, 'net_value': 2290236300, 'avg_buy_price': 3613, 'avg_sell_price': None, 'category': 'Bandar'}, {'broker': 'AK', 'net_lot': 3566, 'net_value': 1277572700, 'avg_buy_price': 3583, 'avg_sell_price': None, 'category': 'Bandar'}]","[{'broker': 'CC', 'net_lot': 18931, 'net_value': 6803959500, 'avg_buy_price': None, 'avg_sell_price': 3594, 'category': 'Mix'}, {'broker': 'DX', 'net_lot': 18591, 'net_value': 6684767000, 'avg_buy_price': 3618, 'avg_sell_price': 3596, 'category': 'Bandar'}, {'broker': 'ZP', 'net_lot': 8782, 'net_value': 3156745000, 'avg_buy_price': None, 'avg_sell_price': 3595, 'category': 'Bandar'}, {'broker': 'KI', 'net_lot': 7871, 'net_value': 2854664000, 'avg_buy_price': None, 'avg_sell_price': 3627, 'category': 'Bandar'}, {'broker': 'GR', 'net_lot': 4070, 'net_value': 1465352000, 'avg_buy_price': None, 'avg_sell_price': 3600, 'category': 'Bandar'}]"
LPCK,"1. NI: 5,404 lot (441.39M) [Bandar] | Avg Buy: 817
2. AO: 4,800 lot (389.28M) [Bandar] | Avg Buy: 811
3. DH: 3,776 lot (308.12M) [Bandar] | Avg Buy: 816
4. EP: 3,026 lot (239.66M) [Mix] | Avg Buy: 792
5. YB: 1,858 lot (155.77M) [Retail] | Avg Buy: 838","1. OD: 7,368 lot (588.77M) [Bandar] | Avg Sell: 799
2. XL: 4,164 lot (340.52M) [Retail] | Avg Sell: 818
3. FS: 2,990 lot (238.30M) [Bandar] | Avg Sell: 797
4. CC: 2,638 lot (215.26M) [Mix] | Avg Sell: 816
5. IF: 2,145 lot (173.49M) [Mix] | Avg Sell: 809",-441,"Buyer: Bandar 74%, Seller: Bandar 54% | Avg Buy Price: 815 | Avg Sell Price: 808",814.8,,,807.8,"[{'broker': 'NI', 'net_lot': 5404, 'net_value': 441393600, 'avg_buy_price': 817, 'avg_sell_price': None, 'category': 'Bandar'}, {'broker': 'AO', 'net_lot': 4800, 'net_value': 389280000, 'avg_buy_price': 811, 'avg_sell_price': None, 'category': 'Bandar'}, {'broker': 'DH', 'net_lot': 3776, 'net_value': 308121600, 'avg_buy_price': 816, 'avg_sell_price': None, 'category': 'Bandar'}, {'broker': 'EP', 'net_lot': 3026, 'net_value': 239659200, 'avg_buy_price': 792, 'avg_sell_price': None, 'category': 'Mix'}, {'broker': 'YB', 'net_lot': 1858, 'net_value': 155768000, 'avg_buy_price': 838, 'avg_sell_price': None, 'category': 'Retail'}]","[{'broker': 'OD', 'net_lot': 7368, 'net_value': 588770700, 'avg_buy_price': None, 'avg_sell_price': 799, 'category': 'Bandar'}, {'broker': 'XL', 'net_lot': 4164, 'net_value': 340515400, 'avg_buy_price': None, 'avg_sell_price': 818, 'category': 'Retail'}, {'broker': 'FS', 'net_lot': 2990, 'net_value': 238303000, 'avg_buy_price': None, 'avg_sell_price': 797, 'category': 'Bandar'}, {'broker': 'CC', 'net_lot': 2638, 'net_value': 215260800, 'avg_buy_price': None, 'avg_sell_price': 816, 'category': 'Mix'}, {'broker': 'IF', 'net_lot': 2145, 'net_value': 173492000, 'avg_buy_price': None, 'avg_sell_price': 809, 'category': 'Mix'}]"
LPPF,"1. XL: 7,629 lot (1.41B) [Retail] | Avg Buy: 1,846 | Avg Sell: 1,848
2. GR: 3,498 lot (646.71M) [Bandar] | Avg Buy: 1,849
3. XC: 3,387 lot (622.62M) [Retail] | Avg Buy: 1,838
4. KI: 2,480 lot (453.97M) [Bandar] | Avg Buy: 1,831
5. YP: 1,260 lot (232.72M) [Mix] | Avg Buy: 1,847","1. ZP: 15,037 lot (2.76B) [Bandar] | Avg Sell: 1,835
2. LG: 1,603 lot (296.19M) [Bandar] | Avg Sell: 1,848
3. IF: 1,408 lot (256.26M) [Mix] | Avg Sell: 1,820
4. PD: 1,130 lot (208.34M) [Mix] | Avg Buy: 1,836 | Avg Sell: 1,842
5. SQ: 671 lot (124.24M) [Bandar] | Avg Sell: 1,852",-1595,"Buyer: Retail 60%, Seller: Bandar 87% | Avg Buy Price: 1,842 | Avg Sell Price: 1,839",1842.2,1848.0,1836.0,1839.4,"[{'broker': 'XL', 'net_lot': 7629, 'net_value': 1408138400, 'avg_buy_price': 1846, 'avg_sell_price': 1848, 'category': 'Retail'}, {'broker': 'GR', 'net_lot': 3498, 'net_value': 646711400, 'avg_buy_price': 1849, 'avg_sell_price': None, 'category': 'Bandar'}, {'broker': 'XC', 'net_lot': 3387, 'net_value': 622622400, 'avg_buy_price': 1838, 'avg_sell_price': None, 'category': 'Retail'}, {'broker': 'KI', 'net_lot': 2480, 'net_value': 453974400, 'avg_buy_price': 1831, 'avg_sell_price': None, 'category': 'Bandar'}, {'broker': 'YP', 'net_lot': 1260, 'net_value': 232722000, 'avg_buy_price': 1847, 'avg_sell_price': None, 'category': 'Mix'}]","[{'broker': 'ZP', 'net_lot': 15037, 'net_value': 2759837100, 'avg_buy_price': None, 'avg_sell_price': 1835, 'category': 'Bandar'}, {'broker': 'LG', 'net_lot': 1603, 'net_value': 296193300, 'avg_buy_price': None, 'avg_sell_price': 1848, 'category': 'Bandar'}, {'broker': 'IF', 'net_lot': 1408, 'net_value': 256256000, 'avg_buy_price': None, 'avg_sell_price': 1820, 'category': 'Mix'}, {'broker': 'PD', 'net_lot': 1130, 'net_value': 208342200, 'avg_buy_price': 1836, 'avg_sell_price': 1842, 'category': 'Mix'}, {'broker': 'SQ', 'net_lot': 671, 'net_value': 124240100, 'avg_buy_price': None, 'avg_sell_price': 1852, 'category': 'Bandar'}]"
PANS,"1. ZP: 799 lot (120.65M) [Bandar] | Avg Buy: 1,510
2. CP: 240 lot (36.79M) [Mix] | Avg Buy: 1,533
3. EP: 166 lot (25.15M) [Mix] | Avg Buy: 1,515
4. SQ: 96 lot (14.74M) [Bandar] | Avg Buy: 1,535","1. XA: 598 lot (90.30M) [Bandar] | Avg Sell: 1,510
2. GR: 326 lot (49.48M) [Bandar] | Avg Sell: 1,518
3. AZ: 286 lot (43.90M) [Retail] | Avg Sell: 1,535
4. XL: 186 lot (28.16M) [Retail] | Avg Sell: 1,514
5. CC: 105 lot (16.12M) [Mix] | Avg Sell: 1,535",-200,"Buyer: Bandar 69%, Seller: Bandar 62% | Avg Buy Price: 1,523 | Avg Sell Price: 1,522",1523.25,,,1522.4,"[{'broker': 'ZP', 'net_lot': 799, 'net_value': 120649000, 'avg_buy_price': 1510, 'avg_sell_price': None, 'category': 'Bandar'}, {'broker': 'CP', 'net_lot': 240, 'net_value': 36790000, 'avg_buy_price': 1533, 'avg_sell_price': None, 'category': 'Mix'}, {'broker': 'EP', 'net_lot': 166, 'net_value': 25149000, 'avg_buy_price': 1515, 'avg_sell_price': None, 'category': 'Mix'}, {'broker': 'SQ', 'net_lot': 96, 'net_value': 14736000, 'avg_buy_price': 1535, 'avg_sell_price': None, 'category': 'Bandar'}]","[{'broker': 'XA', 'net_lot': 598, 'net_value': 90298000, 'avg_buy_price': None, 'avg_sell_price': 1510, 'category': 'Bandar'}, {'broker': 'GR', 'net_lot': 326, 'net_value': 49482600, 'avg_buy_price': None, 'avg_sell_price': 1518, 'category': 'Bandar'}, {'broker': 'AZ', 'net_lot': 286, 'net_value': 43901000, 'avg_buy_price': None, 'avg_sell_price': 1535, 'category': 'Retail'}, {'broker': 'XL', 'net_lot': 186, 'net_value': 28160400, 'avg_buy_price': None, 'avg_sell_price': 1514, 'category': 'Retail'}, {'broker': 'CC', 'net_lot': 105, 'net_value': 16117500, 'avg_buy_price': None, 'avg_sell_price': 1535, 'category': 'Mix'}]"
SCCO,"1. SQ: 224 lot (55.55M) [Bandar] | Avg Buy: 2,480
2. YU: 20 lot (5.06M) [Bandar] | Avg Buy: 2,530
3. AK: 10 lot (2.47M) [Bandar] | Avg Buy: 2,470","1. YJ: 100 lot (24.50M) [Retail] | Avg Sell: 2,450
2. DR: 51 lot (12.55M) [Retail] | Avg Sell: 2,461
3. CC: 43 lot (10.47M) [Mix] | Avg Sell: 2,434
4. AO: 25 lot (6.35M) [Bandar] | Avg Sell: 2,540",35,"Buyer: Bandar 100%, Seller: Retail 69% | Avg Buy Price: 2,493 | Avg Sell Price: 2,471",2493.3333333333335,,,2471.25,"[{'broker': 'SQ', 'net_lot': 224, 'net_value': 55552000, 'avg_buy_price': 2480, 'avg_sell_price': None, 'category': 'Bandar'}, {'broker': 'YU', 'net_lot': 20, 'net_value': 5060000, 'avg_buy_price': 2530, 'avg_sell_price': None, 'category': 'Bandar'}, {'broker': 'AK', 'net_lot': 10, 'net_value': 2470000, 'avg_buy_price': 2470, 'avg_sell_price': None, 'category': 'Bandar'}]","[{'broker': 'YJ', 'net_lot': 100, 'net_value': 24500000, 'avg_buy_price': None, 'avg_sell_price': 2450, 'category': 'Retail'}, {'broker': 'DR', 'net_lot': 51, 'net_value': 12551100, 'avg_buy_price': None, 'avg_sell_price': 2461, 'category': 'Retail'}, {'broker': 'CC', 'net_lot': 43, 'net_value': 10466200, 'avg_buy_price': None, 'avg_sell_price': 2434, 'category': 'Mix'}, {'broker': 'AO', 'net_lot': 25, 'net_value': 6350000, 'avg_buy_price': None, 'avg_sell_price': 2540, 'category': 'Bandar'}]"
WIIM,"1. PD: 24,406 lot (4.61B) [Mix] | Avg Buy: 1,891
2. ZP: 21,315 lot (3.89B) [Bandar] | Avg Buy: 1,826
3. XL: 19,691 lot (3.62B) [Retail] | Avg Buy: 1,840
4. CC: 17,940 lot (3.23B) [Mix] | Avg Buy: 1,798
5. AK: 11,745 lot (1.91B) [Bandar] | Avg Buy: 1,749 | Avg Sell: 1,885","1. SQ: 32,495 lot (5.87B) [Bandar] | Avg Sell: 1,807
2. CD: 27,674 lot (4.98B) [Bandar] | Avg Sell: 1,798
3. EP: 22,651 lot (3.91B) [Mix] | Avg Sell: 1,726
4. OD: 7,426 lot (1.30B) [Bandar] | Avg Sell: 1,757
5. TP: 5,538 lot (1.06B) [Bandar] | Avg Sell: 1,905",-687,"Buyer: Mix 45%, Seller: Bandar 76% | Avg Buy Price: 1,821 | Avg Sell Price: 1,799",1820.8,1885.0,,1798.6,"[{'broker': 'PD', 'net_lot': 24406, 'net_value': 4614006900, 'avg_buy_price': 1891, 'avg_sell_price': None, 'category': 'Mix'}, {'broker': 'ZP', 'net_lot': 21315, 'net_value': 3891657700, 'avg_buy_price': 1826, 'avg_sell_price': None, 'category': 'Bandar'}, {'broker': 'XL', 'net_lot': 19691, 'net_value': 3623121500, 'avg_buy_price': 1840, 'avg_sell_price': None, 'category': 'Retail'}, {'broker': 'CC', 'net_lot': 17940, 'net_value': 3226462200, 'avg_buy_price': 1798, 'avg_sell_price': None, 'category': 'Mix'}, {'broker': 'AK', 'net_lot': 11745, 'net_value': 1910870100, 'avg_buy_price': 1749, 'avg_sell_price': 1885, 'category': 'Bandar'}]","[{'broker': 'SQ', 'net_lot': 32495, 'net_value': 5870896600, 'avg_buy_price': None, 'avg_sell_price': 1807, 'category': 'Bandar'}, {'broker': 'CD', 'net_lot': 27674, 'net_value': 4976553400, 'avg_buy_price': None, 'avg_sell_price': 1798, 'category': 'Bandar'}, {'broker': 'EP', 'net_lot': 22651, 'net_value': 3908898000, 'avg_buy_price': None, 'avg_sell_price': 1726, 'category': 'Mix'}, {'broker': 'OD', 'net_lot': 7426, 'net_value': 1304485000, 'avg_buy_price': None, 'avg_sell_price': 1757, 'category': 'Bandar'}, {'broker': 'TP', 'net_lot': 5538, 'net_value': 1055132200, 'avg_buy_price': None, 'avg_sell_price': 1905, 'category': 'Bandar'}]"
CASH,"1. XA: 35,264 lot (618.52M) [Bandar] | Avg Buy: 175
2. MG: 30,600 lot (549.30M) [Mix] | Avg Buy: 180
3. CP: 19,332 lot (351.43M) [Mix] | Avg Buy: 182
4. SQ: 5,628 lot (93.99M) [Bandar] | Avg Buy: 167
5. EP: 4,518 lot (78.16M) [Mix] | Avg Buy: 173","1. CC: 27,855 lot (503.33M) [Mix] | Avg Sell: 181
2. AO: 13,049 lot (243.22M) [Bandar] | Avg Buy: 168 | Avg Sell: 184
3. PD: 10,969 lot (185.38M) [Mix] | Avg Sell: 169
4. IN: 10,540 lot (179.94M) [Bandar] | Avg Sell: 171
5. NI: 9,036 lot (161.74M) [Bandar] | Avg Sell: 179",23893,"Buyer: Mix 57%, Seller: Mix 54% | Avg Buy Price: 175 | Avg Sell Price: 177",175.4,,168.0,176.8,"[{'broker': 'XA', 'net_lot': 35264, 'net_value': 618516200, 'avg_buy_price': 175, 'avg_sell_price': None, 'category': 'Bandar'}, {'broker': 'MG', 'net_lot': 30600, 'net_value': 549296000, 'avg_buy_price': 180, 'avg_sell_price': None, 'category': 'Mix'}, {'broker': 'CP', 'net_lot': 19332, 'net_value': 351426800, 'avg_buy_price': 182, 'avg_sell_price': None, 'category': 'Mix'}, {'broker': 'SQ', 'net_lot': 5628, 'net_value': 93987600, 'avg_buy_price': 167, 'avg_sell_price': None, 'category': 'Bandar'}, {'broker': 'EP', 'net_lot': 4518, 'net_value': 78161400, 'avg_buy_price': 173, 'avg_sell_price': None, 'category': 'Mix'}]","[{'broker': 'CC', 'net_lot': 27855, 'net_value': 503326800, 'avg_buy_price': None, 'avg_sell_price': 181, 'category': 'Mix'}, {'broker': 'AO', 'net_lot': 13049, 'net_value': 243223200, 'avg_buy_price': 168, 'avg_sell_price': 184, 'category': 'Bandar'}, {'broker': 'PD', 'net_lot': 10969, 'net_value': 185376100, 'avg_buy_price': None, 'avg_sell_price': 169, 'category': 'Mix'}, {'broker': 'IN', 'net_lot': 10540, 'net_value': 179936000, 'avg_buy_price': None, 'avg_sell_price': 171, 'category': 'Bandar'}, {'broker': 'NI', 'net_lot': 9036, 'net_value': 161744400, 'avg_buy_price': None, 'avg_sell_price': 179, 'category': 'Bandar'}]"
NASI,"1. YP: 45,682 lot (655.24M) [Mix] | Avg Buy: 143
2. FS: 26,000 lot (345.80M) [Bandar] | Avg Buy: 133
3. PG: 20,000 lot (304.00M) [Mix] | Avg Buy: 152
4. YU: 17,050 lot (248.59M) [Bandar] | Avg Buy: 146
5. IF: 12,000 lot (168.00M) [Mix] | Avg Buy: 140","1. CC: 27,553 lot (397.55M) [Mix] | Avg Sell: 144
2. XL: 28,419 lot (397.49M) [Retail] | Avg Sell: 140
3. PD: 24,654 lot (363.83M) [Mix] | Avg Sell: 148
4. XC: 22,009 lot (308.51M) [Retail] | Avg Sell: 140
5. KK: 13,014 lot (184.50M) [Bandar] | Avg Sell: 142",5083,"Buyer: Mix 64%, Seller: Mix 45% | Avg Buy Price: 143 | Avg Sell Price: 143",142.8,,,142.8,"[{'broker': 'YP', 'net_lot': 45682, 'net_value': 655242000, 'avg_buy_price': 143, 'avg_sell_price': None, 'category': 'Mix'}, {'broker': 'FS', 'net_lot': 26000, 'net_value': 345800000, 'avg_buy_price': 133, 'avg_sell_price': None, 'category': 'Bandar'}, {'broker': 'PG', 'net_lot': 20000, 'net_value': 304000000, 'avg_buy_price': 152, 'avg_sell_price': None, 'category': 'Mix'}, {'broker': 'YU', 'net_lot': 17050, 'net_value': 248585000, 'avg_buy_price': 146, 'avg_sell_price': None, 'category': 'Bandar'}, {'broker': 'IF', 'net_lot': 12000, 'net_value': 168000000, 'avg_buy_price': 140, 'avg_sell_price': None, 'category': 'Mix'}]","[{'broker': 'CC', 'net_lot': 27553, 'net_value': 397554500, 'avg_buy_price': None, 'avg_sell_price': 144, 'category': 'Mix'}, {'broker': 'XL', 'net_lot': 28419, 'net_value': 397490300, 'avg_buy_price': None, 'avg_sell_price': 140, 'category': 'Retail'}, {'broker': 'PD', 'net_lot': 24654, 'net_value': 363827900, 'avg_buy_price': None, 'avg_sell_price': 148, 'category': 'Mix'}, {'broker': 'XC', 'net_lot': 22009, 'net_value': 308506300, 'avg_buy_price': None, 'avg_sell_price': 140, 'category': 'Retail'}, {'broker': 'KK', 'net_lot': 13014, 'net_value': 184495800, 'avg_buy_price': None, 'avg_sell_price': 142, 'category': 'Bandar'}]"
ADMR,"1. ZP: 113,909 lot (20.73B) [Bandar] | Avg Buy: 1,820
2. AK: 114,116 lot (20.66B) [Bandar] | Avg Buy: 1,811
3. CC: 111,115 lot (19.87B) [Mix] | Avg Buy: 1,818 | Avg Sell: 1,885
4. OD: 88,990 lot (16.03B) [Bandar] | Avg Buy: 1,801
5. BQ: 37,400 lot (6.93B) [Bandar] | Avg Buy: 1,852","1. NI: 86,164 lot (15.14B) [Bandar] | Avg Buy: 1,883 | Avg Sell: 1,789
2. YB: 64,393 lot (11.61B) [Retail] | Avg Sell: 1,803
3. BK: 58,393 lot (11.40B) [Bandar] | Avg Buy: 1,813 | Avg Sell: 1,892
4. XL: 62,744 lot (11.36B) [Retail] | Avg Buy: 1,874 | Avg Sell: 1,818
5. DX: 49,301 lot (8.78B) [Bandar] | Avg Buy: 1,895 | Avg Sell: 1,782",144535,"Buyer: Bandar 76%, Seller: Bandar 60% | Avg Buy Price: 1,820 | Avg Sell Price: 1,817",1820.4,1885.0,1866.25,1816.8,"[{'broker': 'ZP', 'net_lot': 113909, 'net_value': 20727225700, 'avg_buy_price': 1820, 'avg_sell_price': None, 'category': 'Bandar'}, {'broker': 'AK', 'net_lot': 114116, 'net_value': 20660719800, 'avg_buy_price': 1811, 'avg_sell_price': None, 'category': 'Bandar'}, {'broker': 'CC', 'net_lot': 111115, 'net_value': 19868849300, 'avg_buy_price': 1818, 'avg_sell_price': 1885, 'category': 'Mix'}, {'broker': 'OD', 'net_lot': 88990, 'net_value': 16026266000, 'avg_buy_price': 1801, 'avg_sell_price': None, 'category': 'Bandar'}, {'broker': 'BQ', 'net_lot': 37400, 'net_value': 6927902300, 'avg_buy_price': 1852, 'avg_sell_price': None, 'category': 'Bandar'}]","[{'broker': 'NI', 'net_lot': 86164, 'net_value': 15135305800, 'avg_buy_price': 1883, 'avg_sell_price': 1789, 'category': 'Bandar'}, {'broker': 'YB', 'net_lot': 64393, 'net_value': 11611736300, 'avg_buy_price': None, 'avg_sell_price': 1803, 'category': 'Retail'}, {'broker': 'BK', 'net_lot': 58393, 'net_value': 11399007900, 'avg_buy_price': 1813, 'avg_sell_price': 1892, 'category': 'Bandar'}, {'broker': 'XL', 'net_lot': 62744, 'net_value': 11355680800, 'avg_buy_price': 1874, 'avg_sell_price': 1818, 'category': 'Retail'}, {'broker': 'DX', 'net_lot': 49301, 'net_value': 8782986100, 'avg_buy_price': 1895, 'avg_sell_price': 1782, 'category': 'Bandar'}]"
ELPI,"1. CC: 4,176 lot (536.20M) [Mix] | Avg Buy: 1,284
2. GR: 3,830 lot (496.37M) [Bandar] | Avg Buy: 1,296
3. ZP: 3,451 lot (434.14M) [Bandar] | Avg Buy: 1,258
4. KK: 2,118 lot (275.34M) [Bandar] | Avg Buy: 1,300
5. LG: 1,190 lot (142.44M) [Bandar] | Avg Buy: 1,197","1. AZ: 6,031 lot (736.39M) [Retail] | Avg Sell: 1,221
2. XL: 5,095 lot (646.05M) [Retail] | Avg Sell: 1,268
3. CP: 2,838 lot (355.89M) [Mix] | Avg Sell: 1,254
4. DR: 1,065 lot (128.23M) [Retail] | Avg Sell: 1,204
5. RO: 806 lot (106.80M) [Bandar] | Avg Sell: 1,325",-1070,"Buyer: Bandar 72%, Seller: Retail 77% | Avg Buy Price: 1,267 | Avg Sell Price: 1,254",1267.0,,,1254.4,"[{'broker': 'CC', 'net_lot': 4176, 'net_value': 536198400, 'avg_buy_price': 1284, 'avg_sell_price': None, 'category': 'Mix'}, {'broker': 'GR', 'net_lot': 3830, 'net_value': 496368000, 'avg_buy_price': 1296, 'avg_sell_price': None, 'category': 'Bandar'}, {'broker': 'ZP', 'net_lot': 3451, 'net_value': 434135800, 'avg_buy_price': 1258, 'avg_sell_price': None, 'category': 'Bandar'}, {'broker': 'KK', 'net_lot': 2118, 'net_value': 275340000, 'avg_buy_price': 1300, 'avg_sell_price': None, 'category': 'Bandar'}, {'broker': 'LG', 'net_lot': 1190, 'net_value': 142443000, 'avg_buy_price': 1197, 'avg_sell_price': None, 'category': 'Bandar'}]","[{'broker': 'AZ', 'net_lot': 6031, 'net_value': 736385100, 'avg_buy_price': None, 'avg_sell_price': 1221, 'category': 'Retail'}, {'broker': 'XL', 'net_lot': 5095, 'net_value': 646046000, 'avg_buy_price': None, 'avg_sell_price': 1268, 'category': 'Retail'}, {'broker': 'CP', 'net_lot': 2838, 'net_value': 355885200, 'avg_buy_price': None, 'avg_sell_price': 1254, 'category': 'Mix'}, {'broker': 'DR', 'net_lot': 1065, 'net_value': 128226000, 'avg_buy_price': None, 'avg_sell_price': 1204, 'category': 'Retail'}, {'broker': 'RO', 'net_lot': 806, 'net_value': 106795000, 'avg_buy_price': None, 'avg_sell_price': 1325, 'category': 'Bandar'}]"
KDTN,"1. YB: 23,136 lot (2.72B) [Retail] | Avg Buy: 1,174
2. AK: 3,174 lot (379.82M) [Bandar] | Avg Buy: 1,197
3. PI: 2,400 lot (289.44M) [Retail] | Avg Buy: 1,206
4. BK: 2,420 lot (287.98M) [Bandar] | Avg Buy: 1,190
5. AI: 1,000 lot (126.20M) [Bandar] | Avg Buy: 1,234 | Avg Sell: 1,178","1. XL: 9,848 lot (1.15B) [Retail] | Avg Sell: 1,166
2. CC: 4,749 lot (564.06M) [Mix] | Avg Sell: 1,188
3. IF: 4,102 lot (488.96M) [Mix] | Avg Sell: 1,192
4. LG: 2,964 lot (364.64M) [Bandar] | Avg Buy: 1,141 | Avg Sell: 1,225
5. ZP: 1,646 lot (198.06M) [Bandar] | Avg Sell: 1,203",8821,"Buyer: Retail 79%, Seller: Retail 42% | Avg Buy Price: 1,200 | Avg Sell Price: 1,195",1200.2,1178.0,1141.0,1194.8,"[{'broker': 'YB', 'net_lot': 23136, 'net_value': 2715571800, 'avg_buy_price': 1174, 'avg_sell_price': None, 'category': 'Retail'}, {'broker': 'AK', 'net_lot': 3174, 'net_value': 379822100, 'avg_buy_price': 1197, 'avg_sell_price': None, 'category': 'Bandar'}, {'broker': 'PI', 'net_lot': 2400, 'net_value': 289440000, 'avg_buy_price': 1206, 'avg_sell_price': None, 'category': 'Retail'}, {'broker': 'BK', 'net_lot': 2420, 'net_value': 287976000, 'avg_buy_price': 1190, 'avg_sell_price': None, 'category': 'Bandar'}, {'broker': 'AI', 'net_lot': 1000, 'net_value': 126200000, 'avg_buy_price': 1234, 'avg_sell_price': 1178, 'category': 'Bandar'}]","[{'broker': 'XL', 'net_lot': 9848, 'net_value': 1147839700, 'avg_buy_price': None, 'avg_sell_price': 1166, 'category': 'Retail'}, {'broker': 'CC', 'net_lot': 4749, 'net_value': 564062200, 'avg_buy_price': None, 'avg_sell_price': 1188, 'category': 'Mix'}, {'broker': 'IF', 'net_lot': 4102, 'net_value': 488958400, 'avg_buy_price': None, 'avg_sell_price': 1192, 'category': 'Mix'}, {'broker': 'LG', 'net_lot': 2964, 'net_value': 364644000, 'avg_buy_price': 1141, 'avg_sell_price': 1225, 'category': 'Bandar'}, {'broker': 'ZP', 'net_lot': 1646, 'net_value': 198060600, 'avg_buy_price': None, 'avg_sell_price': 1203, 'category': 'Bandar'}]"
HBAT,"1. AO: 9,217 lot (370.96M) [Bandar] | Avg Buy: 402
2. AZ: 4,351 lot (172.11M) [Retail] | Avg Buy: 396
3. YJ: 1,094 lot (45.18M) [Retail] | Avg Buy: 413
4. YP: 607 lot (28.18M) [Mix] | Avg Buy: 410 | Avg Sell: 373
5. OD: 500 lot (20.10M) [Bandar] | Avg Buy: 402","1. PG: 5,353 lot (218.40M) [Mix] | Avg Sell: 408
2. CC: 4,521 lot (183.64M) [Mix] | Avg Sell: 406
3. XC: 2,480 lot (96.22M) [Retail] | Avg Sell: 388
4. XA: 1,230 lot (46.99M) [Bandar] | Avg Sell: 382
5. MG: 1,198 lot (46.95M) [Mix] | Avg Sell: 392",987,"Buyer: Bandar 62%, Seller: Mix 75% | Avg Buy Price: 405 | Avg Sell Price: 395",404.6,373.0,,395.2,"[{'broker': 'AO', 'net_lot': 9217, 'net_value': 370959600, 'avg_buy_price': 402, 'avg_sell_price': None, 'category': 'Bandar'}, {'broker': 'AZ', 'net_lot': 4351, 'net_value': 172107900, 'avg_buy_price': 396, 'avg_sell_price': None, 'category': 'Retail'}, {'broker': 'YJ', 'net_lot': 1094, 'net_value': 45182200, 'avg_buy_price': 413, 'avg_sell_price': None, 'category': 'Retail'}, {'broker': 'YP', 'net_lot': 607, 'net_value': 28176300, 'avg_buy_price': 410, 'avg_sell_price': 373, 'category': 'Mix'}, {'broker': 'OD', 'net_lot': 500, 'net_value': 20100000, 'avg_buy_price': 402, 'avg_sell_price': None, 'category': 'Bandar'}]","[{'broker': 'PG', 'net_lot': 5353, 'net_value': 218402400, 'avg_buy_price': None, 'avg_sell_price': 408, 'category': 'Mix'}, {'broker': 'CC', 'net_lot': 4521, 'net_value': 183635400, 'avg_buy_price': None, 'avg_sell_price': 406, 'category': 'Mix'}, {'broker': 'XC', 'net_lot': 2480, 'net_value': 96224000, 'avg_buy_price': None, 'avg_sell_price': 388, 'category': 'Retail'}, {'broker': 'XA', 'net_lot': 1230, 'net_value': 46986000, 'avg_buy_price': None, 'avg_sell_price': 382, 'category': 'Bandar'}, {'broker': 'MG', 'net_lot': 1198, 'net_value': 46947600, 'avg_buy_price': None, 'avg_sell_price': 392, 'category': 'Mix'}]"
GRIA,"1. OD: 38,473 lot (497.16M) [Bandar] | Avg Buy: 129
2. BR: 16,100 lot (206.56M) [Bandar] | Avg Buy: 128
3. AZ: 11,647 lot (149.58M) [Retail] | Avg Buy: 128
4. XA: 10,636 lot (138.85M) [Bandar] | Avg Buy: 131
5. PC: 5,000 lot (64.00M) [Bandar] | Avg Buy: 128","1. BQ: 39,497 lot (505.56M) [Bandar] | Avg Sell: 128
2. PD: 18,245 lot (237.15M) [Mix] | Avg Sell: 130
3. YP: 10,667 lot (136.54M) [Mix] | Avg Sell: 128
4. KK: 3,369 lot (44.37M) [Bandar] | Avg Buy: 129 | Avg Sell: 131
5. MG: 3,100 lot (40.30M) [Mix] | Avg Buy: 130 | Avg Sell: 130",6978,"Buyer: Bandar 86%, Seller: Bandar 57% | Avg Buy Price: 129 | Avg Sell Price: 129",128.8,,129.5,129.4,"[{'broker': 'OD', 'net_lot': 38473, 'net_value': 497158000, 'avg_buy_price': 129, 'avg_sell_price': None, 'category': 'Bandar'}, {'broker': 'BR', 'net_lot': 16100, 'net_value': 206560000, 'avg_buy_price': 128, 'avg_sell_price': None, 'category': 'Bandar'}, {'broker': 'AZ', 'net_lot': 11647, 'net_value': 149581600, 'avg_buy_price': 128, 'avg_sell_price': None, 'category': 'Retail'}, {'broker': 'XA', 'net_lot': 10636, 'net_value': 138854400, 'avg_buy_price': 131, 'avg_sell_price': None, 'category': 'Bandar'}, {'broker': 'PC', 'net_lot': 5000, 'net_value': 64000000, 'avg_buy_price': 128, 'avg_sell_price': None, 'category': 'Bandar'}]","[{'broker': 'BQ', 'net_lot': 39497, 'net_value': 505561600, 'avg_buy_price': None, 'avg_sell_price': 128, 'category': 'Bandar'}, {'broker': 'PD', 'net_lot': 18245, 'net_value': 237148800, 'avg_buy_price': None, 'avg_sell_price': 130, 'category': 'Mix'}, {'broker': 'YP', 'net_lot': 10667, 'net_value': 136537600, 'avg_buy_price': None, 'avg_sell_price': 128, 'category': 'Mix'}, {'broker': 'KK', 'net_lot': 3369, 'net_value': 44372300, 'avg_buy_price': 129, 'avg_sell_price': 131, 'category': 'Bandar'}, {'broker': 'MG', 'net_lot': 3100, 'net_value': 40300000, 'avg_buy_price': 130, 'avg_sell_price': 130, 'category': 'Mix'}]"
CYBR,"1. AK: 18,167 lot (2.97B) [Bandar] | Avg Buy: 1,632
2. YP: 7,351 lot (1.18B) [Mix] | Avg Buy: 1,610
3. AI: 5,500 lot (867.35M) [Bandar] | Avg Buy: 1,577
4. DP: 5,000 lot (806.00M) [Bandar] | Avg Buy: 1,612
5. XL: 2,524 lot (403.44M) [Retail] | Avg Buy: 1,598","1. CC: 14,655 lot (2.36B) [Mix] | Avg Sell: 1,613
2. BK: 10,299 lot (1.68B) [Bandar] | Avg Sell: 1,628
3. TP: 7,363 lot (1.15B) [Bandar] | Avg Sell: 1,561
4. NI: 4,770 lot (739.35M) [Bandar] | Avg Sell: 1,550
5. MG: 531 lot (84.11M) [Mix] | Avg Sell: 1,584",924,"Buyer: Bandar 74%, Seller: Bandar 60% | Avg Buy Price: 1,606 | Avg Sell Price: 1,587",1605.8,,,1587.2,"[{'broker': 'AK', 'net_lot': 18167, 'net_value': 2965387400, 'avg_buy_price': 1632, 'avg_sell_price': None, 'category': 'Bandar'}, {'broker': 'YP', 'net_lot': 7351, 'net_value': 1183650400, 'avg_buy_price': 1610, 'avg_sell_price': None, 'category': 'Mix'}, {'broker': 'AI', 'net_lot': 5500, 'net_value': 867350000, 'avg_buy_price': 1577, 'avg_sell_price': None, 'category': 'Bandar'}, {'broker': 'DP', 'net_lot': 5000, 'net_value': 806000000, 'avg_buy_price': 1612, 'avg_sell_price': None, 'category': 'Bandar'}, {'broker': 'XL', 'net_lot': 2524, 'net_value': 403442000, 'avg_buy_price': 1598, 'avg_sell_price': None, 'category': 'Retail'}]","[{'broker': 'CC', 'net_lot': 14655, 'net_value': 2363828400, 'avg_buy_price': None, 'avg_sell_price': 1613, 'category': 'Mix'}, {'broker': 'BK', 'net_lot': 10299, 'net_value': 1676210200, 'avg_buy_price': None, 'avg_sell_price': 1628, 'category': 'Bandar'}, {'broker': 'TP', 'net_lot': 7363, 'net_value': 1149518600, 'avg_buy_price': None, 'avg_sell_price': 1561, 'category': 'Bandar'}, {'broker': 'NI', 'net_lot': 4770, 'net_value': 739350000, 'avg_buy_price': None, 'avg_sell_price': 1550, 'category': 'Bandar'}, {'broker': 'MG', 'net_lot': 531, 'net_value': 84113600, 'avg_buy_price': None, 'avg_sell_price': 1584, 'category': 'Mix'}]"
ERAL,"1. CC: 45,964 lot (1.58B) [Mix] | Avg Buy: 344
2. BK: 42,317 lot (1.47B) [Bandar] | Avg Buy: 348
3. XL: 36,350 lot (1.26B) [Retail] | Avg Buy: 347
4. AK: 23,905 lot (813.64M) [Bandar] | Avg Buy: 342 | Avg Sell: 356
5. ZP: 16,865 lot (585.90M) [Bandar] | Avg Buy: 347","1. YP: 82,395 lot (2.84B) [Mix] | Avg Sell: 344
2. AO: 57,918 lot (2.07B) [Bandar] | Avg Sell: 358
3. SQ: 22,597 lot (735.78M) [Bandar] | Avg Buy: 356 | Avg Sell: 338
4. PD: 11,467 lot (405.84M) [Mix] | Avg Sell: 354
5. KK: 8,663 lot (297.01M) [Bandar] | Avg Sell: 343",-17639,"Buyer: Bandar 50%, Seller: Mix 51% | Avg Buy Price: 346 | Avg Sell Price: 347",345.6,356.0,356.0,347.4,"[{'broker': 'CC', 'net_lot': 45964, 'net_value': 1582378000, 'avg_buy_price': 344, 'avg_sell_price': None, 'category': 'Mix'}, {'broker': 'BK', 'net_lot': 42317, 'net_value': 1471495900, 'avg_buy_price': 348, 'avg_sell_price': None, 'category': 'Bandar'}, {'broker': 'XL', 'net_lot': 36350, 'net_value': 1260458700, 'avg_buy_price': 347, 'avg_sell_price': None, 'category': 'Retail'}, {'broker': 'AK', 'net_lot': 23905, 'net_value': 813639400, 'avg_buy_price': 342, 'avg_sell_price': 356, 'category': 'Bandar'}, {'broker': 'ZP', 'net_lot': 16865, 'net_value': 585897000, 'avg_buy_price': 347, 'avg_sell_price': None, 'category': 'Bandar'}]","[{'broker': 'YP', 'net_lot': 82395, 'net_value': 2837329000, 'avg_buy_price': None, 'avg_sell_price': 344, 'category': 'Mix'}, {'broker': 'AO', 'net_lot': 57918, 'net_value': 2073464400, 'avg_buy_price': None, 'avg_sell_price': 358, 'category': 'Bandar'}, {'broker': 'SQ', 'net_lot': 22597, 'net_value': 735776000, 'avg_buy_price': 356, 'avg_sell_price': 338, 'category': 'Bandar'}, {'broker': 'PD', 'net_lot': 11467, 'net_value': 405835200, 'avg_buy_price': None, 'avg_sell_price': 354, 'category': 'Mix'}, {'broker': 'KK', 'net_lot': 8663, 'net_value': 297014800, 'avg_buy_price': None, 'avg_sell_price': 343, 'category': 'Bandar'}]"
KAQI,"1. AK: 43,578 lot (352.60M) [Bandar] | Avg Buy: 81
2. SQ: 28,937 lot (231.50M) [Bandar] | Avg Buy: 80
3. GR: 24,121 lot (207.72M) [Bandar] | Avg Buy: 86
4. YU: 13,116 lot (107.00M) [Bandar] | Avg Buy: 82
5. YB: 12,031 lot (97.45M) [Retail] | Avg Buy: 81","1. DR: 41,250 lot (352.39M) [Retail] | Avg Sell: 85
2. KK: 35,187 lot (295.78M) [Bandar] | Avg Sell: 84
3. BR: 30,800 lot (266.35M) [Bandar] | Avg Buy: 82 | Avg Sell: 84
4. CC: 28,920 lot (238.45M) [Mix] | Avg Sell: 82
5. XL: 10,590 lot (62.28M) [Retail] | Avg Buy: 86 | Avg Sell: 81",-24964,"Buyer: Bandar 90%, Seller: Bandar 45% | Avg Buy Price: 82 | Avg Sell Price: 83",82.0,,84.0,83.2,"[{'broker': 'AK', 'net_lot': 43578, 'net_value': 352602800, 'avg_buy_price': 81, 'avg_sell_price': None, 'category': 'Bandar'}, {'broker': 'SQ', 'net_lot': 28937, 'net_value': 231496000, 'avg_buy_price': 80, 'avg_sell_price': None, 'category': 'Bandar'}, {'broker': 'GR', 'net_lot': 24121, 'net_value': 207715900, 'avg_buy_price': 86, 'avg_sell_price': None, 'category': 'Bandar'}, {'broker': 'YU', 'net_lot': 13116, 'net_value': 107003400, 'avg_buy_price': 82, 'avg_sell_price': None, 'category': 'Bandar'}, {'broker': 'YB', 'net_lot': 12031, 'net_value': 97451100, 'avg_buy_price': 81, 'avg_sell_price': None, 'category': 'Retail'}]","[{'broker': 'DR', 'net_lot': 41250, 'net_value': 352392700, 'avg_buy_price': None, 'avg_sell_price': 85, 'category': 'Retail'}, {'broker': 'KK', 'net_lot': 35187, 'net_value': 295775700, 'avg_buy_price': None, 'avg_sell_price': 84, 'category': 'Bandar'}, {'broker': 'BR', 'net_lot': 30800, 'net_value': 266353400, 'avg_buy_price': 82, 'avg_sell_price': 84, 'category': 'Bandar'}, {'broker': 'CC', 'net_lot': 28920, 'net_value': 238448500, 'avg_buy_price': None, 'avg_sell_price': 82, 'category': 'Mix'}, {'broker': 'XL', 'net_lot': 10590, 'net_value': 62285000, 'avg_buy_price': 86, 'avg_sell_price': 81, 'category': 'Retail'}]"
NCKL,"1. DX: 282,781 lot (36.44B) [Bandar] | Avg Buy: 1,289
2. CC: 144,944 lot (17.95B) [Mix] | Avg Buy: 1,249 | Avg Sell: 1,300
3. MG: 132,959 lot (16.67B) [Mix] | Avg Buy: 1,254 | Avg Sell: 1,266
4. KI: 101,256 lot (12.83B) [Bandar] | Avg Buy: 1,267
5. AF: 67,200 lot (8.37B) [Retail] | Avg Buy: 1,245","1. SQ: 153,253 lot (19.14B) [Bandar] | Avg Sell: 1,249
2. ZP: 122,232 lot (15.71B) [Bandar] | Avg Sell: 1,285
3. AZ: 110,561 lot (13.88B) [Retail] | Avg Buy: 1,295 | Avg Sell: 1,256
4. XL: 61,318 lot (7.70B) [Retail] | Avg Buy: 1,294 | Avg Sell: 1,265
5. AI: 55,719 lot (7.17B) [Bandar] | Avg Buy: 1,253 | Avg Sell: 1,283",226057,"Buyer: Bandar 53%, Seller: Bandar 66% | Avg Buy Price: 1,261 | Avg Sell Price: 1,268",1260.8,1283.0,1280.6666666666667,1267.6,"[{'broker': 'DX', 'net_lot': 282781, 'net_value': 36443431700, 'avg_buy_price': 1289, 'avg_sell_price': None, 'category': 'Bandar'}, {'broker': 'CC', 'net_lot': 144944, 'net_value': 17947277300, 'avg_buy_price': 1249, 'avg_sell_price': 1300, 'category': 'Mix'}, {'broker': 'MG', 'net_lot': 132959, 'net_value': 16671295800, 'avg_buy_price': 1254, 'avg_sell_price': 1266, 'category': 'Mix'}, {'broker': 'KI', 'net_lot': 101256, 'net_value': 12825398400, 'avg_buy_price': 1267, 'avg_sell_price': None, 'category': 'Bandar'}, {'broker': 'AF', 'net_lot': 67200, 'net_value': 8366400000, 'avg_buy_price': 1245, 'avg_sell_price': None, 'category': 'Retail'}]","[{'broker': 'SQ', 'net_lot': 153253, 'net_value': 19142063400, 'avg_buy_price': None, 'avg_sell_price': 1249, 'category': 'Bandar'}, {'broker': 'ZP', 'net_lot': 122232, 'net_value': 15708245400, 'avg_buy_price': None, 'avg_sell_price': 1285, 'category': 'Bandar'}, {'broker': 'AZ', 'net_lot': 110561, 'net_value': 13880884600, 'avg_buy_price': 1295, 'avg_sell_price': 1256, 'category': 'Retail'}, {'broker': 'XL', 'net_lot': 61318, 'net_value': 7699652100, 'avg_buy_price': 1294, 'avg_sell_price': 1265, 'category': 'Retail'}, {'broker': 'AI', 'net_lot': 55719, 'net_value': 7173959700, 'avg_buy_price': 1253, 'avg_sell_price': 1283, 'category': 'Bandar'}]"
ADRO,"1. XL: 131,105 lot (27.94B) [Retail] | Avg Buy: 2,131
2. OD: 88,074 lot (18.64B) [Bandar] | Avg Buy: 2,117
3. DR: 55,630 lot (11.92B) [Retail] | Avg Buy: 2,142
4. PD: 52,116 lot (11.05B) [Mix] | Avg Buy: 2,119
5. AK: 47,782 lot (10.17B) [Bandar] | Avg Buy: 2,126 | Avg Sell: 2,125","1. ZP: 107,885 lot (22.90B) [Bandar] | Avg Sell: 2,123
2. DH: 108,437 lot (22.89B) [Bandar] | Avg Buy: 2,130 | Avg Sell: 2,111
3. NI: 95,788 lot (19.71B) [Bandar] | Avg Buy: 2,142 | Avg Sell: 2,101
4. TP: 79,129 lot (16.59B) [Bandar] | Avg Buy: 2,126 | Avg Sell: 2,097
5. BK: 68,441 lot (14.87B) [Bandar] | Avg Buy: 2,121 | Avg Sell: 2,138",-84973,"Buyer: Retail 50%, Seller: Bandar 100% | Avg Buy Price: 2,127 | Avg Sell Price: 2,114",2127.0,2125.0,2129.75,2114.0,"[{'broker': 'XL', 'net_lot': 131105, 'net_value': 27942549800, 'avg_buy_price': 2131, 'avg_sell_price': None, 'category': 'Retail'}, {'broker': 'OD', 'net_lot': 88074, 'net_value': 18644481000, 'avg_buy_price': 2117, 'avg_sell_price': None, 'category': 'Bandar'}, {'broker': 'DR', 'net_lot': 55630, 'net_value': 11917161400, 'avg_buy_price': 2142, 'avg_sell_price': None, 'category': 'Retail'}, {'broker': 'PD', 'net_lot': 52116, 'net_value': 11045845800, 'avg_buy_price': 2119, 'avg_sell_price': None, 'category': 'Mix'}, {'broker': 'AK', 'net_lot': 47782, 'net_value': 10167146800, 'avg_buy_price': 2126, 'avg_sell_price': 2125, 'category': 'Bandar'}]","[{'broker': 'ZP', 'net_lot': 107885, 'net_value': 22899195800, 'avg_buy_price': None, 'avg_sell_price': 2123, 'category': 'Bandar'}, {'broker': 'DH', 'net_lot': 108437, 'net_value': 22887632600, 'avg_buy_price': 2130, 'avg_sell_price': 2111, 'category': 'Bandar'}, {'broker': 'NI', 'net_lot': 95788, 'net_value': 19706867000, 'avg_buy_price': 2142, 'avg_sell_price': 2101, 'category': 'Bandar'}, {'broker': 'TP', 'net_lot': 79129, 'net_value': 16587139500, 'avg_buy_price': 2126, 'avg_sell_price': 2097, 'category': 'Bandar'}, {'broker': 'BK', 'net_lot': 68441, 'net_value': 14867649600, 'avg_buy_price': 2121, 'avg_sell_price': 2138, 'category': 'Bandar'}]"
HOPE,"1. YB: 85,233 lot (2.33B) [Retail] | Avg Buy: 273
2. XA: 37,630 lot (1.09B) [Bandar] | Avg Buy: 290
3. CC: 12,697 lot (330.39M) [Mix] | Avg Buy: 272 | Avg Sell: 299
4. BK: 10,929 lot (302.73M) [Bandar] | Avg Buy: 277
5. CP: 9,169 lot (270.43M) [Mix] | Avg Buy: 295","1. YP: 22,366 lot (621.51M) [Mix] | Avg Sell: 278
2. GR: 20,021 lot (545.76M) [Bandar] | Avg Buy: 303 | Avg Sell: 274
3. ZP: 17,142 lot (513.26M) [Bandar] | Avg Buy: 268 | Avg Sell: 299
4. AK: 16,422 lot (509.10M) [Bandar] | Avg Buy: 269 | Avg Sell: 299
5. XL: 16,739 lot (475.54M) [Retail] | Avg Sell: 284",62968,"Buyer: Retail 55%, Seller: Bandar 58% | Avg Buy Price: 281 | Avg Sell Price: 287",281.4,299.0,280.0,286.8,"[{'broker': 'YB', 'net_lot': 85233, 'net_value': 2330944200, 'avg_buy_price': 273, 'avg_sell_price': None, 'category': 'Retail'}, {'broker': 'XA', 'net_lot': 37630, 'net_value': 1091556000, 'avg_buy_price': 290, 'avg_sell_price': None, 'category': 'Bandar'}, {'broker': 'CC', 'net_lot': 12697, 'net_value': 330392300, 'avg_buy_price': 272, 'avg_sell_price': 299, 'category': 'Mix'}, {'broker': 'BK', 'net_lot': 10929, 'net_value': 302733300, 'avg_buy_price': 277, 'avg_sell_price': None, 'category': 'Bandar'}, {'broker': 'CP', 'net_lot': 9169, 'net_value': 270430900, 'avg_buy_price': 295, 'avg_sell_price': None, 'category': 'Mix'}]","[{'broker': 'YP', 'net_lot': 22366, 'net_value': 621507600, 'avg_buy_price': None, 'avg_sell_price': 278, 'category': 'Mix'}, {'broker': 'GR', 'net_lot': 20021, 'net_value': 545762400, 'avg_buy_price': 303, 'avg_sell_price': 274, 'category': 'Bandar'}, {'broker': 'ZP', 'net_lot': 17142, 'net_value': 513261900, 'avg_buy_price': 268, 'avg_sell_price': 299, 'category': 'Bandar'}, {'broker': 'AK', 'net_lot': 16422, 'net_value': 509104800, 'avg_buy_price': 269, 'avg_sell_price': 299, 'category': 'Bandar'}, {'broker': 'XL', 'net_lot': 16739, 'net_value': 475536100, 'avg_buy_price': None, 'avg_sell_price': 284, 'category': 'Retail'}]"
GRPM,"1. XL: 22,037 lot (576.59M) [Retail] | Avg Buy: 254 | Avg Sell: 232
2. OD: 11,811 lot (298.56M) [Bandar] | Avg Buy: 253
3. RB: 10,672 lot (267.46M) [Retail] | Avg Buy: 251
4. IU: 3,045 lot (77.34M) [Bandar] | Avg Buy: 254
5. HD: 2,167 lot (31.05M) [Bandar] | Avg Buy: 232 | Avg Sell: 254","1. LG: 13,010 lot (319.43M) [Bandar] | Avg Sell: 246
2. CP: 11,491 lot (293.68M) [Mix] | Avg Buy: 232 | Avg Sell: 254
3. XA: 6,832 lot (173.53M) [Bandar] | Avg Sell: 254
4. FZ: 5,000 lot (127.00M) [Bandar] | Avg Sell: 254
5. CC: 3,301 lot (82.10M) [Mix] | Avg Sell: 249",10098,"Buyer: Retail 66%, Seller: Bandar 63% | Avg Buy Price: 249 | Avg Sell Price: 251",248.8,243.0,232.0,251.4,"[{'broker': 'XL', 'net_lot': 22037, 'net_value': 576589600, 'avg_buy_price': 254, 'avg_sell_price': 232, 'category': 'Retail'}, {'broker': 'OD', 'net_lot': 11811, 'net_value': 298565000, 'avg_buy_price': 253, 'avg_sell_price': None, 'category': 'Bandar'}, {'broker': 'RB', 'net_lot': 10672, 'net_value': 267456400, 'avg_buy_price': 251, 'avg_sell_price': None, 'category': 'Retail'}, {'broker': 'IU', 'net_lot': 3045, 'net_value': 77343000, 'avg_buy_price': 254, 'avg_sell_price': None, 'category': 'Bandar'}, {'broker': 'HD', 'net_lot': 2167, 'net_value': 31046400, 'avg_buy_price': 232, 'avg_sell_price': 254, 'category': 'Bandar'}]","[{'broker': 'LG', 'net_lot': 13010, 'net_value': 319432000, 'avg_buy_price': None, 'avg_sell_price': 246, 'category': 'Bandar'}, {'broker': 'CP', 'net_lot': 11491, 'net_value': 293675400, 'avg_buy_price': 232, 'avg_sell_price': 254, 'category': 'Mix'}, {'broker': 'XA', 'net_lot': 6832, 'net_value': 173532800, 'avg_buy_price': None, 'avg_sell_price': 254, 'category': 'Bandar'}, {'broker': 'FZ', 'net_lot': 5000, 'net_value': 127000000, 'avg_buy_price': None, 'avg_sell_price': 254, 'category': 'Bandar'}, {'broker': 'CC', 'net_lot': 3301, 'net_value': 82100800, 'avg_buy_price': None, 'avg_sell_price': 249, 'category': 'Mix'}]"
