stock,top5_buyers,top5_sellers,net_volume,daily_summary,avg_buy_price_buyers,avg_sell_price_buyers,avg_buy_price_sellers,avg_sell_price_sellers
AADI,"1. PD: 20,630 lot (18.92B) [Mix] | Avg Buy: 9,174 | Avg Sell: 9,197
2. ZP: 17,369 lot (15.93B) [Bandar] | Avg Buy: 9,168 | Avg Sell: 9,149
3. NI: 6,843 lot (6.35B) [Bandar] | Avg Buy: 9,197 | Avg Sell: 9,161
4. DH: 4,715 lot (4.30B) [Bandar] | Avg Buy: 9,123
5. AZ: 4,454 lot (4.09B) [Retail] | Avg Buy: 9,184","1. AK: 21,635 lot (19.79B) [Bandar] | Avg Sell: 9,146
2. OD: 17,147 lot (15.75B) [Bandar] | Avg Sell: 9,184
3. XL: 9,144 lot (8.37B) [Retail] | Avg Sell: 9,159
4. KK: 3,160 lot (2.89B) [Bandar] | Avg Sell: 9,146
5. YU: 3,019 lot (2.76B) [Bandar] | Avg Buy: 9,198 | Avg Sell: 9,146",-94,"Buyer: Bandar 54%, Seller: Bandar 83% | Avg Buy Price: 9,169 | Avg Sell Price: 9,156",9169.2,9169.0,9198.0,9156.2
ADMG,"1. XL: 3,885 lot (84.46M) [Retail] | Avg Buy: 217
2. KK: 1,939 lot (42.27M) [Bandar] | Avg Buy: 218
3. ZP: 1,098 lot (23.28M) [Bandar] | Avg Buy: 212
4. EP: 600 lot (12.84M) [Mix] | Avg Buy: 214
5. PC: 49 lot (1.04M) [Bandar] | Avg Buy: 213","1. PD: 2,282 lot (48.83M) [Mix] | Avg Sell: 214
2. XC: 951 lot (20.64M) [Retail] | Avg Sell: 217
3. YP: 896 lot (19.53M) [Mix] | Avg Sell: 218
4. AO: 505 lot (11.11M) [Bandar] | Avg Sell: 220
5. YU: 496 lot (10.81M) [Bandar] | Avg Sell: 218",2441,"Buyer: Retail 51%, Seller: Mix 62% | Avg Buy Price: 215 | Avg Sell Price: 217",214.8,,,217.4
ADMR,"1. CC: 185,970 lot (39.31B) [Mix] | Avg Buy: 2,114
2. PD: 127,806 lot (26.86B) [Mix] | Avg Buy: 2,101
3. LG: 99,561 lot (20.81B) [Bandar] | Avg Buy: 2,094 | Avg Sell: 2,130
4. BK: 54,397 lot (11.35B) [Bandar] | Avg Buy: 2,086
5. AK: 35,289 lot (8.27B) [Bandar] | Avg Buy: 2,125 | Avg Sell: 2,065","1. YU: 341,457 lot (71.96B) [Bandar] | Avg Sell: 2,107
2. KI: 205,332 lot (43.65B) [Bandar] | Avg Sell: 2,126
3. BQ: 55,806 lot (11.93B) [Bandar] | Avg Buy: 2,073 | Avg Sell: 2,131
4. YP: 21,025 lot (4.37B) [Mix] | Avg Sell: 2,077
5. XA: 19,708 lot (4.08B) [Bandar] | Avg Sell: 2,070",-140305,"Buyer: Mix 62%, Seller: Bandar 97% | Avg Buy Price: 2,104 | Avg Sell Price: 2,102",2104.0,2097.5,2073.0,2102.2
ANTM,"1. YP: 67,053 lot (29.38B) [Mix] | Avg Buy: 4,382
2. ZP: 26,156 lot (11.45B) [Bandar] | Avg Buy: 4,377
3. YU: 24,940 lot (10.86B) [Bandar] | Avg Buy: 4,355
4. PD: 22,125 lot (9.70B) [Mix] | Avg Buy: 4,385
5. DX: 20,853 lot (8.82B) [Bandar] | Avg Buy: 4,320 | Avg Sell: 4,475","1. NI: 53,545 lot (23.22B) [Bandar] | Avg Sell: 4,336
2. KZ: 44,487 lot (19.57B) [Mix] | Avg Sell: 4,398
3. CC: 37,629 lot (16.79B) [Mix] | Avg Buy: 4,347 | Avg Sell: 4,452
4. LG: 36,139 lot (15.92B) [Bandar] | Avg Sell: 4,404
5. SQ: 30,737 lot (13.77B) [Bandar] | Avg Buy: 4,346 | Avg Sell: 4,450",-41410,"Buyer: Mix 55%, Seller: Bandar 59% | Avg Buy Price: 4,364 | Avg Sell Price: 4,408",4363.8,4475.0,4346.5,4408.0
ATAP,"1. BR: 11,465 lot (962.24M) [Bandar] | Avg Buy: 843 | Avg Sell: 886
2. CC: 9,049 lot (789.78M) [Mix] | Avg Buy: 873
3. KK: 7,352 lot (633.03M) [Bandar] | Avg Buy: 861
4. XL: 4,477 lot (378.68M) [Retail] | Avg Buy: 851 | Avg Sell: 867
5. YP: 4,208 lot (357.28M) [Mix] | Avg Buy: 855 | Avg Sell: 877","1. SH: 34,879 lot (3.00B) [Bandar] | Avg Sell: 861
2. XC: 9,631 lot (835.01M) [Retail] | Avg Sell: 867
3. LG: 4,788 lot (412.25M) [Bandar] | Avg Sell: 861
4. AO: 2,904 lot (247.42M) [Bandar] | Avg Sell: 852
5. CP: 2,161 lot (177.99M) [Mix] | Avg Buy: 874 | Avg Sell: 838",-17812,"Buyer: Bandar 51%, Seller: Bandar 78% | Avg Buy Price: 857 | Avg Sell Price: 856",856.6,876.6666666666666,874.0,855.8
BELL,"1. XL: 88,551 lot (2.04B) [Retail] | Avg Buy: 231 | Avg Sell: 239
2. MG: 68,011 lot (1.62B) [Mix] | Avg Buy: 239
3. AK: 24,556 lot (552.51M) [Bandar] | Avg Buy: 225
4. NI: 20,766 lot (481.59M) [Bandar] | Avg Buy: 232
5. XA: 18,731 lot (445.73M) [Bandar] | Avg Buy: 238","1. CC: 48,990 lot (1.14B) [Mix] | Avg Sell: 233
2. YU: 40,341 lot (946.86M) [Bandar] | Avg Sell: 235
3. DX: 38,094 lot (888.38M) [Bandar] | Avg Sell: 233
4. YP: 30,581 lot (712.54M) [Mix] | Avg Sell: 233
5. XC: 27,443 lot (653.14M) [Retail] | Avg Sell: 238",35166,"Buyer: Retail 40%, Seller: Mix 43% | Avg Buy Price: 233 | Avg Sell Price: 234",233.0,239.0,,234.4
BIPP,"1. XL: 39,587 lot (402.99M) [Retail] | Avg Buy: 102
2. RB: 9,500 lot (95.75M) [Retail] | Avg Buy: 101
3. XC: 7,943 lot (82.61M) [Retail] | Avg Buy: 104
4. YB: 4,770 lot (48.18M) [Retail] | Avg Buy: 101
5. OD: 2,242 lot (22.87M) [Bandar] | Avg Buy: 102","1. AI: 20,773 lot (212.81M) [Bandar] | Avg Sell: 102
2. FZ: 15,299 lot (155.52M) [Bandar] | Avg Sell: 102
3. DR: 13,990 lot (140.14M) [Retail] | Avg Sell: 100
4. MG: 7,500 lot (75.75M) [Mix] | Avg Sell: 101
5. CP: 6,469 lot (66.85M) [Mix] | Avg Buy: 101 | Avg Sell: 103",11,"Buyer: Retail 96%, Seller: Bandar 56% | Avg Buy Price: 102 | Avg Sell Price: 102",102.0,,101.0,101.6
BIRD,"1. SQ: 1,696 lot (298.50M) [Bandar] | Avg Buy: 1,760
2. AI: 1,000 lot (176.00M) [Bandar] | Avg Buy: 1,760
3. PD: 435 lot (76.52M) [Mix] | Avg Buy: 1,756 | Avg Sell: 1,752
4. CD: 300 lot (52.65M) [Bandar] | Avg Buy: 1,755
5. BK: 255 lot (44.80M) [Bandar] | Avg Buy: 1,757","1. BQ: 2,290 lot (403.04M) [Bandar] | Avg Sell: 1,760
2. XL: 917 lot (161.18M) [Retail] | Avg Sell: 1,758
3. AK: 263 lot (46.21M) [Bandar] | Avg Sell: 1,757
4. CC: 253 lot (44.42M) [Mix] | Avg Buy: 1,757 | Avg Sell: 1,756
5. NI: 196 lot (34.50M) [Bandar] | Avg Sell: 1,760",-233,"Buyer: Bandar 88%, Seller: Bandar 70% | Avg Buy Price: 1,758 | Avg Sell Price: 1,758",1757.6,1752.0,1757.0,1758.2
BMRI,"1. ZP: 198,981 lot (105.86B) [Bandar] | Avg Buy: 5,320
2. YU: 159,519 lot (84.83B) [Bandar] | Avg Buy: 5,318
3. RX: 59,661 lot (32.47B) [Bandar] | Avg Buy: 5,333 | Avg Sell: 5,283
4. DX: 26,198 lot (13.95B) [Bandar] | Avg Buy: 5,324 | Avg Sell: 5,321
5. NI: 17,788 lot (9.40B) [Bandar] | Avg Buy: 5,287 | Avg Sell: 5,314","1. AK: 153,165 lot (81.81B) [Bandar] | Avg Buy: 5,303 | Avg Sell: 5,324
2. TP: 120,322 lot (64.12B) [Bandar] | Avg Sell: 5,329
3. AG: 106,895 lot (56.85B) [Bandar] | Avg Sell: 5,318
4. LG: 54,974 lot (29.27B) [Bandar] | Avg Sell: 5,324
5. CC: 38,787 lot (20.59B) [Mix] | Avg Sell: 5,310",-11996,"Buyer: Bandar 100%, Seller: Bandar 92% | Avg Buy Price: 5,316 | Avg Sell Price: 5,321",5316.4,5306.0,5303.0,5321.0
BRIS,"1. PD: 69,676 lot (16.52B) [Mix] | Avg Buy: 2,372
2. KZ: 29,824 lot (7.08B) [Mix] | Avg Buy: 2,374
3. YU: 10,830 lot (2.60B) [Bandar] | Avg Buy: 2,383 | Avg Sell: 2,362
4. AZ: 9,557 lot (2.28B) [Retail] | Avg Buy: 2,379 | Avg Sell: 2,352
5. BR: 8,000 lot (1.88B) [Bandar] | Avg Buy: 2,355","1. BB: 32,081 lot (7.63B) [Mix] | Avg Sell: 2,377
2. ZP: 21,088 lot (5.01B) [Bandar] | Avg Buy: 2,378 | Avg Sell: 2,376
3. BK: 18,372 lot (4.33B) [Bandar] | Avg Sell: 2,355
4. AK: 18,155 lot (4.32B) [Bandar] | Avg Sell: 2,380
5. KK: 9,409 lot (2.21B) [Bandar] | Avg Buy: 2,376 | Avg Sell: 2,354",28782,"Buyer: Mix 78%, Seller: Bandar 68% | Avg Buy Price: 2,373 | Avg Sell Price: 2,368",2372.6,2357.0,2377.0,2368.4
CASH,"1. YB: 11,199 lot (175.87M) [Retail] | Avg Buy: 157
2. CC: 2,930 lot (45.06M) [Mix] | Avg Buy: 155 | Avg Sell: 160
3. AK: 2,759 lot (42.76M) [Bandar] | Avg Buy: 155
4. EP: 2,001 lot (31.42M) [Mix] | Avg Buy: 157
5. BB: 2,000 lot (31.00M) [Mix] | Avg Buy: 155","1. NI: 8,756 lot (138.17M) [Bandar] | Avg Sell: 158
2. XL: 5,784 lot (90.23M) [Retail] | Avg Sell: 156
3. CP: 4,016 lot (63.85M) [Mix] | Avg Sell: 159
4. MG: 2,730 lot (42.04M) [Mix] | Avg Sell: 154
5. PD: 2,931 lot (40.30M) [Mix] | Avg Buy: 160 | Avg Sell: 154",-3328,"Buyer: Retail 54%, Seller: Mix 40% | Avg Buy Price: 156 | Avg Sell Price: 156",155.8,160.0,160.0,156.2
CLAY,"1. HD: 840 lot (244.36M) [Bandar] | Avg Buy: 2,909
2. AZ: 476 lot (138.41M) [Retail] | Avg Buy: 2,908
3. SF: 327 lot (95.16M) [Bandar] | Avg Buy: 2,910
4. YJ: 324 lot (94.28M) [Retail] | Avg Buy: 2,910
5. PC: 179 lot (51.91M) [Bandar] | Avg Buy: 2,900","1. ID: 1,500 lot (435.50M) [Bandar] | Avg Sell: 2,903
2. TP: 567 lot (165.11M) [Bandar] | Avg Sell: 2,912
3. EP: 341 lot (99.23M) [Mix] | Avg Sell: 2,910
4. IH: 317 lot (92.25M) [Mix] | Avg Sell: 2,910
5. EL: 278 lot (80.73M) [Bandar] | Avg Sell: 2,904",-857,"Buyer: Bandar 63%, Seller: Bandar 78% | Avg Buy Price: 2,907 | Avg Sell Price: 2,908",2907.4,,,2907.8
DRMA,"1. BB: 4,942 lot (524.00M) [Mix] | Avg Buy: 1,060
2. XL: 4,169 lot (442.30M) [Retail] | Avg Buy: 1,061
3. AK: 2,157 lot (229.44M) [Bandar] | Avg Buy: 1,064
4. PD: 2,096 lot (221.13M) [Mix] | Avg Buy: 1,055
5. AZ: 1,934 lot (205.19M) [Retail] | Avg Buy: 1,060 | Avg Sell: 1,056","1. CP: 7,503 lot (794.87M) [Mix] | Avg Sell: 1,059
2. YU: 3,226 lot (341.96M) [Bandar] | Avg Sell: 1,060
3. ZP: 3,005 lot (320.03M) [Bandar] | Avg Sell: 1,065
4. YP: 1,397 lot (148.92M) [Mix] | Avg Sell: 1,066
5. CC: 716 lot (76.90M) [Mix] | Avg Buy: 1,057 | Avg Sell: 1,070",-549,"Buyer: Mix 46%, Seller: Mix 61% | Avg Buy Price: 1,060 | Avg Sell Price: 1,064",1060.0,1056.0,1057.0,1064.0
DSFI,"1. ES: 20,000 lot (231.00M) [Mix] | Avg Buy: 116
2. XC: 14,019 lot (163.40M) [Retail] | Avg Buy: 117
3. DX: 8,817 lot (103.41M) [Bandar] | Avg Buy: 117 | Avg Sell: 112
4. PD: 7,274 lot (93.93M) [Mix] | Avg Buy: 119 | Avg Sell: 115
5. EP: 7,804 lot (92.13M) [Mix] | Avg Buy: 118","1. CC: 50,429 lot (597.35M) [Mix] | Avg Sell: 118
2. XL: 23,471 lot (275.50M) [Retail] | Avg Sell: 117
3. AK: 13,973 lot (169.91M) [Bandar] | Avg Buy: 115 | Avg Sell: 121
4. CP: 1,782 lot (20.14M) [Mix] | Avg Buy: 118 | Avg Sell: 116
5. XA: 1,602 lot (17.92M) [Bandar] | Avg Buy: 120 | Avg Sell: 118",-33343,"Buyer: Mix 61%, Seller: Mix 57% | Avg Buy Price: 117 | Avg Sell Price: 118",117.4,113.5,117.66666666666667,118.0
ENRG,"1. YU: 231,921 lot (36.80B) [Bandar] | Avg Buy: 1,587
2. MU: 125,076 lot (19.44B) [Bandar] | Avg Buy: 1,554
3. ZP: 64,005 lot (10.04B) [Bandar] | Avg Buy: 1,569
4. YB: 62,702 lot (9.79B) [Retail] | Avg Buy: 1,562 | Avg Sell: 1,564
5. IF: 52,959 lot (8.40B) [Mix] | Avg Buy: 1,587","1. AK: 181,440 lot (28.22B) [Bandar] | Avg Buy: 1,572 | Avg Sell: 1,556
2. OD: 146,135 lot (22.93B) [Bandar] | Avg Sell: 1,569
3. II: 88,450 lot (14.19B) [Mix] | Avg Buy: 1,548 | Avg Sell: 1,589
4. AO: 59,053 lot (9.19B) [Bandar] | Avg Buy: 1,621 | Avg Sell: 1,557
5. CC: 46,321 lot (7.29B) [Mix] | Avg Buy: 1,572 | Avg Sell: 1,573",15264,"Buyer: Bandar 78%, Seller: Bandar 74% | Avg Buy Price: 1,572 | Avg Sell Price: 1,569",1571.8,1564.0,1578.25,1568.8
EURO,"1. BR: 2,866 lot (278.00M) [Bandar] | Avg Buy: 970
2. PC: 2,000 lot (215.00M) [Bandar] | Avg Buy: 1,075
3. YJ: 2,050 lot (200.90M) [Retail] | Avg Buy: 980
4. MG: 1,550 lot (151.90M) [Mix] | Avg Buy: 980
5. XL: 1,177 lot (126.53M) [Retail] | Avg Buy: 1,075","1. PD: 7,514 lot (757.97M) [Mix] | Avg Sell: 1,009
2. MU: 3,710 lot (389.32M) [Bandar] | Avg Sell: 1,049
3. SH: 500 lot (53.75M) [Bandar] | Avg Sell: 1,075
4. MI: 500 lot (49.00M) [Bandar] | Avg Sell: 980
5. DH: 252 lot (24.70M) [Bandar] | Avg Sell: 980",-2833,"Buyer: Bandar 50%, Seller: Mix 60% | Avg Buy Price: 1,016 | Avg Sell Price: 1,019",1016.0,,,1018.6
GJTL,"1. BB: 20,219 lot (2.24B) [Mix] | Avg Buy: 1,110
2. XL: 2,460 lot (274.64M) [Retail] | Avg Buy: 1,116
3. KK: 2,073 lot (229.07M) [Bandar] | Avg Buy: 1,105
4. XA: 2,000 lot (221.00M) [Bandar] | Avg Buy: 1,105
5. HP: 1,910 lot (214.88M) [Bandar] | Avg Buy: 1,125","1. DH: 9,463 lot (1.05B) [Bandar] | Avg Sell: 1,111
2. AO: 8,000 lot (887.00M) [Bandar] | Avg Sell: 1,109
3. AK: 2,962 lot (330.00M) [Bandar] | Avg Sell: 1,114
4. CC: 2,512 lot (282.82M) [Mix] | Avg Buy: 1,105 | Avg Sell: 1,120
5. YP: 2,170 lot (241.99M) [Mix] | Avg Buy: 1,104 | Avg Sell: 1,113",3555,"Buyer: Mix 71%, Seller: Bandar 81% | Avg Buy Price: 1,112 | Avg Sell Price: 1,113",1112.2,,1104.5,1113.4
HBAT,"1. AZ: 8,726 lot (416.05M) [Retail] | Avg Buy: 477
2. CP: 5,150 lot (248.75M) [Mix] | Avg Buy: 483
3. YP: 611 lot (28.29M) [Mix] | Avg Buy: 463
4. MG: 110 lot (5.10M) [Mix] | Avg Buy: 464
5. XL: 95 lot (-2,952,700) [Retail] | Avg Buy: 466 | Avg Sell: 483","1. PG: 12,363 lot (580.66M) [Mix] | Avg Sell: 470
2. CC: 723 lot (35.25M) [Mix] | Avg Buy: 465 | Avg Sell: 478
3. XC: 643 lot (30.22M) [Retail] | Avg Sell: 470
4. GR: 300 lot (13.86M) [Bandar] | Avg Sell: 462
5. ZP: 237 lot (11.47M) [Bandar] | Avg Sell: 484",426,"Buyer: Retail 60%, Seller: Mix 92% | Avg Buy Price: 471 | Avg Sell Price: 473",470.6,483.0,465.0,472.8
HMSP,"1. YU: 64,540 lot (5.73B) [Bandar] | Avg Buy: 887
2. PD: 40,647 lot (3.60B) [Mix] | Avg Buy: 886
3. DX: 38,958 lot (3.44B) [Bandar] | Avg Buy: 882
4. BQ: 35,530 lot (3.14B) [Bandar] | Avg Buy: 883
5. CC: 28,418 lot (2.50B) [Mix] | Avg Buy: 880 | Avg Sell: 887","1. YB: 56,083 lot (4.91B) [Retail] | Avg Sell: 876
2. YP: 44,491 lot (3.93B) [Mix] | Avg Sell: 882
3. AK: 42,426 lot (3.75B) [Bandar] | Avg Sell: 885
4. XA: 21,217 lot (1.88B) [Bandar] | Avg Sell: 885
5. BK: 20,629 lot (1.82B) [Bandar] | Avg Sell: 884",23247,"Buyer: Bandar 67%, Seller: Bandar 46% | Avg Buy Price: 884 | Avg Sell Price: 882",883.6,887.0,,882.4
HRTA,"1. AK: 111,562 lot (33.70B) [Bandar] | Avg Buy: 3,021
2. BK: 62,607 lot (19.20B) [Bandar] | Avg Buy: 3,067
3. DR: 54,572 lot (16.85B) [Retail] | Avg Buy: 3,084 | Avg Sell: 2,970
4. BB: 23,935 lot (7.05B) [Mix] | Avg Buy: 2,947
5. CC: 19,165 lot (5.29B) [Mix] | Avg Buy: 2,907 | Avg Sell: 3,093","1. ES: 38,800 lot (12.03B) [Mix] | Avg Sell: 3,101
2. RF: 35,000 lot (10.56B) [Bandar] | Avg Sell: 3,018
3. XL: 30,523 lot (9.21B) [Retail] | Avg Sell: 3,016
4. CP: 28,555 lot (8.44B) [Mix] | Avg Sell: 2,957
5. SQ: 27,274 lot (8.14B) [Bandar] | Avg Sell: 2,985",111689,"Buyer: Bandar 64%, Seller: Mix 42% | Avg Buy Price: 3,005 | Avg Sell Price: 3,015",3005.2,3031.5,,3015.4
INDY,"1. NI: 21,272 lot (7.77B) [Bandar] | Avg Buy: 3,653
2. ZP: 19,423 lot (6.99B) [Bandar] | Avg Buy: 3,601
3. BK: 18,795 lot (6.71B) [Bandar] | Avg Buy: 3,572
4. GR: 15,917 lot (5.57B) [Bandar] | Avg Buy: 3,499
5. OD: 12,849 lot (4.61B) [Bandar] | Avg Buy: 3,591","1. CC: 49,523 lot (18.32B) [Mix] | Avg Buy: 3,495 | Avg Sell: 3,695
2. IF: 34,408 lot (11.97B) [Mix] | Avg Buy: 3,688 | Avg Sell: 3,479
3. LG: 31,503 lot (10.97B) [Bandar] | Avg Sell: 3,482
4. MG: 14,238 lot (4.98B) [Mix] | Avg Buy: 3,726 | Avg Sell: 3,508
5. CP: 12,799 lot (4.61B) [Mix] | Avg Sell: 3,603",-54215,"Buyer: Bandar 100%, Seller: Mix 78% | Avg Buy Price: 3,583 | Avg Sell Price: 3,553",3583.2,,3636.3333333333335,3553.4
ITMA,"1. HD: 95,617 lot (24.43B) [Bandar] | Avg Buy: 2,555
2. BR: 13,834 lot (3.50B) [Bandar] | Avg Buy: 2,530
3. CP: 2,381 lot (603.04M) [Mix] | Avg Buy: 2,533
4. AK: 1,538 lot (393.26M) [Bandar] | Avg Buy: 2,557
5. YU: 705 lot (174.62M) [Bandar] | Avg Buy: 2,510 | Avg Sell: 2,562","1. MU: 50,300 lot (12.83B) [Bandar] | Avg Sell: 2,551
2. II: 50,000 lot (12.20B) [Mix] | Avg Sell: 2,440
3. TS: 13,225 lot (3.34B) [Bandar] | Avg Buy: 2,583 | Avg Sell: 2,527
4. CC: 1,376 lot (343.89M) [Mix] | Avg Buy: 2,548 | Avg Sell: 2,518
5. BK: 442 lot (110.83M) [Bandar] | Avg Buy: 2,560 | Avg Sell: 2,528",-1268,"Buyer: Bandar 98%, Seller: Bandar 55% | Avg Buy Price: 2,537 | Avg Sell Price: 2,513",2537.0,2562.0,2563.6666666666665,2512.8
ITMG,"1. AK: 4,520 lot (10.19B) [Bandar] | Avg Buy: 22,547
2. ZP: 3,400 lot (7.67B) [Bandar] | Avg Buy: 22,555
3. NI: 3,318 lot (7.49B) [Bandar] | Avg Buy: 22,584
4. MG: 426 lot (957.62M) [Mix] | Avg Buy: 22,479
5. XC: 312 lot (703.96M) [Retail] | Avg Buy: 22,557 | Avg Sell: 22,523","1. DX: 2,293 lot (5.16B) [Bandar] | Avg Buy: 22,600 | Avg Sell: 22,501
2. IF: 1,649 lot (3.73B) [Mix] | Avg Sell: 22,603
3. BQ: 1,245 lot (2.81B) [Bandar] | Avg Sell: 22,602
4. AI: 1,185 lot (2.67B) [Bandar] | Avg Buy: 22,504 | Avg Sell: 22,530
5. YP: 1,091 lot (2.46B) [Mix] | Avg Sell: 22,547",4513,"Buyer: Bandar 94%, Seller: Bandar 63% | Avg Buy Price: 22,544 | Avg Sell Price: 22,557",22544.4,22523.0,22552.0,22556.6
JTPE,"1. PD: 3,191 lot (189.95M) [Mix] | Avg Buy: 595
2. LS: 2,393 lot (143.90M) [Retail] | Avg Buy: 601
3. AG: 2,415 lot (142.49M) [Bandar] | Avg Buy: 590
4. SF: 2,214 lot (131.95M) [Bandar] | Avg Buy: 596
5. IH: 2,178 lot (130.13M) [Mix] | Avg Buy: 597","1. IN: 5,900 lot (353.44M) [Bandar] | Avg Sell: 599
2. AK: 4,909 lot (291.61M) [Bandar] | Avg Sell: 594
3. AZ: 3,448 lot (207.24M) [Retail] | Avg Sell: 601
4. BK: 2,702 lot (162.66M) [Bandar] | Avg Sell: 602
5. IU: 1,917 lot (115.40M) [Bandar] | Avg Sell: 602",-6485,"Buyer: Mix 43%, Seller: Bandar 82% | Avg Buy Price: 596 | Avg Sell Price: 600",595.8,,,599.6
KMTR,"1. RF: 2,000 lot (57.60M) [Bandar] | Avg Buy: 288
2. CC: 1,632 lot (47.16M) [Mix] | Avg Buy: 289
3. YP: 835 lot (23.63M) [Mix] | Avg Buy: 283
4. DR: 500 lot (14.15M) [Retail] | Avg Buy: 283
5. RS: 100 lot (2.90M) [Bandar] | Avg Buy: 290","1. GR: 2,041 lot (58.78M) [Bandar] | Avg Sell: 288
2. XA: 1,758 lot (49.40M) [Bandar] | Avg Sell: 281
3. OD: 196 lot (5.61M) [Bandar] | Avg Sell: 286",1072,"Buyer: Mix 49%, Seller: Bandar 100% | Avg Buy Price: 287 | Avg Sell Price: 285",286.6,,,285.0
LAJU,"1. XL: 81,860 lot (849.44M) [Retail] | Avg Buy: 104
2. PD: 38,592 lot (395.95M) [Mix] | Avg Buy: 103
3. OD: 28,759 lot (287.71M) [Bandar] | Avg Buy: 100 | Avg Sell: 105
4. GR: 22,969 lot (231.99M) [Bandar] | Avg Buy: 101
5. AI: 23,190 lot (229.58M) [Bandar] | Avg Buy: 99","1. CC: 124,412 lot (1.27B) [Mix] | Avg Sell: 102
2. YP: 43,265 lot (437.13M) [Mix] | Avg Sell: 101
3. CP: 37,177 lot (381.25M) [Mix] | Avg Sell: 103
4. AZ: 22,765 lot (229.93M) [Retail] | Avg Sell: 101
5. AK: 19,032 lot (205.99M) [Bandar] | Avg Buy: 101 | Avg Sell: 105",-51281,"Buyer: Retail 42%, Seller: Mix 83% | Avg Buy Price: 101 | Avg Sell Price: 102",101.4,105.0,101.0,102.4
LPCK,"1. PD: 10,772 lot (891.80M) [Mix] | Avg Buy: 828
2. YU: 3,200 lot (266.76M) [Bandar] | Avg Buy: 834
3. IF: 2,815 lot (233.59M) [Mix] | Avg Buy: 830
4. AZ: 2,135 lot (176.27M) [Retail] | Avg Buy: 826
5. DR: 1,898 lot (156.17M) [Retail] | Avg Buy: 823","1. AK: 6,883 lot (570.19M) [Bandar] | Avg Sell: 828
2. YB: 3,002 lot (246.16M) [Retail] | Avg Sell: 820
3. SQ: 2,290 lot (187.55M) [Bandar] | Avg Sell: 819
4. HD: 1,560 lot (130.95M) [Bandar] | Avg Sell: 839
5. KK: 1,516 lot (123.71M) [Bandar] | Avg Sell: 816",5569,"Buyer: Mix 65%, Seller: Bandar 80% | Avg Buy Price: 828 | Avg Sell Price: 824",828.2,,,824.4
LPKR,"1. YU: 972,493 lot (9.82B) [Bandar] | Avg Buy: 101
2. CD: 50,002 lot (510.02M) [Bandar] | Avg Buy: 102
3. YP: 27,256 lot (284.36M) [Mix] | Avg Buy: 102 | Avg Sell: 101
4. DR: 18,717 lot (195.77M) [Retail] | Avg Buy: 103 | Avg Sell: 101
5. IF: 16,845 lot (173.32M) [Mix] | Avg Buy: 103","1. PD: 250,652 lot (2.53B) [Mix] | Avg Buy: 102 | Avg Sell: 101
2. KK: 162,128 lot (1.65B) [Bandar] | Avg Sell: 102
3. AK: 156,556 lot (1.61B) [Bandar] | Avg Sell: 103
4. XL: 151,303 lot (1.53B) [Retail] | Avg Buy: 102 | Avg Sell: 101
5. EP: 131,303 lot (1.34B) [Mix] | Avg Sell: 102",233371,"Buyer: Bandar 94%, Seller: Mix 45% | Avg Buy Price: 102 | Avg Sell Price: 102",102.2,101.0,102.0,101.8
LPPF,"1. XL: 9,622 lot (1.84B) [Retail] | Avg Buy: 1,912
2. YP: 3,316 lot (633.90M) [Mix] | Avg Buy: 1,912
3. PD: 2,544 lot (486.64M) [Mix] | Avg Buy: 1,913
4. GR: 1,684 lot (323.10M) [Bandar] | Avg Buy: 1,919
5. NI: 815 lot (155.85M) [Bandar] | Avg Buy: 1,912","1. CC: 8,217 lot (1.57B) [Mix] | Avg Sell: 1,909
2. ZP: 2,825 lot (541.11M) [Bandar] | Avg Buy: 1,914 | Avg Sell: 1,915
3. YU: 2,515 lot (480.87M) [Bandar] | Avg Sell: 1,912
4. BK: 1,744 lot (333.67M) [Bandar] | Avg Sell: 1,913
5. OD: 1,454 lot (278.98M) [Bandar] | Avg Buy: 1,911 | Avg Sell: 1,918",1226,"Buyer: Retail 54%, Seller: Bandar 51% | Avg Buy Price: 1,914 | Avg Sell Price: 1,913",1913.6,,1912.5,1913.4
MAPI,"1. AK: 116,011 lot (15.24B) [Bandar] | Avg Buy: 1,314
2. BK: 64,456 lot (8.39B) [Bandar] | Avg Buy: 1,304 | Avg Sell: 1,326
3. PD: 35,613 lot (4.71B) [Mix] | Avg Buy: 1,319 | Avg Sell: 1,307
4. NI: 27,136 lot (3.60B) [Bandar] | Avg Buy: 1,326
5. BB: 18,761 lot (2.45B) [Mix] | Avg Buy: 1,310 | Avg Sell: 1,321","1. RX: 117,365 lot (15.29B) [Bandar] | Avg Buy: 1,334 | Avg Sell: 1,304
2. AZ: 50,015 lot (6.52B) [Retail] | Avg Sell: 1,304
3. ZP: 47,783 lot (6.27B) [Bandar] | Avg Sell: 1,312
4. KZ: 40,146 lot (5.26B) [Mix] | Avg Sell: 1,310
5. DR: 24,888 lot (3.30B) [Retail] | Avg Sell: 1,327",-18220,"Buyer: Bandar 79%, Seller: Bandar 59% | Avg Buy Price: 1,315 | Avg Sell Price: 1,311",1314.6,1318.0,1334.0,1311.4
MDKA,"1. TP: 172,165 lot (61.91B) [Bandar] | Avg Buy: 3,601 | Avg Sell: 3,881
2. MG: 76,548 lot (29.67B) [Mix] | Avg Buy: 3,876
3. BK: 76,137 lot (27.98B) [Bandar] | Avg Buy: 3,674
4. RF: 69,872 lot (27.16B) [Bandar] | Avg Buy: 3,857 | Avg Sell: 3,600
5. AG: 52,899 lot (20.31B) [Bandar] | Avg Buy: 3,839","1. LG: 99,082 lot (36.40B) [Bandar] | Avg Sell: 3,673
2. NI: 87,362 lot (33.34B) [Bandar] | Avg Sell: 3,816
3. PD: 82,361 lot (31.51B) [Mix] | Avg Sell: 3,826
4. ZP: 73,374 lot (25.92B) [Bandar] | Avg Buy: 3,836 | Avg Sell: 3,590
5. YP: 52,699 lot (19.28B) [Mix] | Avg Sell: 3,658",52743,"Buyer: Bandar 83%, Seller: Bandar 66% | Avg Buy Price: 3,769 | Avg Sell Price: 3,713",3769.4,3740.5,3836.0,3712.6
MEDC,"1. YU: 61,081 lot (10.20B) [Bandar] | Avg Buy: 1,672 | Avg Sell: 1,701
2. ZP: 53,270 lot (9.17B) [Bandar] | Avg Buy: 1,715 | Avg Sell: 1,675
3. XL: 51,484 lot (8.76B) [Retail] | Avg Buy: 1,702
4. MG: 46,841 lot (7.97B) [Mix] | Avg Buy: 1,701
5. GR: 43,431 lot (7.23B) [Bandar] | Avg Buy: 1,665 | Avg Sell: 1,720","1. NI: 177,145 lot (30.34B) [Bandar] | Avg Buy: 1,679 | Avg Sell: 1,711
2. CC: 78,926 lot (13.28B) [Mix] | Avg Sell: 1,683
3. AK: 73,395 lot (12.29B) [Bandar] | Avg Buy: 1,705 | Avg Sell: 1,679
4. TP: 29,949 lot (5.11B) [Bandar] | Avg Sell: 1,707
5. AG: 28,931 lot (4.91B) [Bandar] | Avg Sell: 1,699",-132239,"Buyer: Bandar 62%, Seller: Bandar 80% | Avg Buy Price: 1,691 | Avg Sell Price: 1,696",1691.0,1698.6666666666667,1692.0,1695.8
MHKI,"1. YP: 41,820 lot (1.04B) [Mix] | Avg Buy: 250
2. CP: 19,553 lot (491.40M) [Mix] | Avg Buy: 251
3. YB: 11,136 lot (279.51M) [Retail] | Avg Buy: 251
4. GR: 10,801 lot (265.99M) [Bandar] | Avg Buy: 246
5. EP: 7,101 lot (179.66M) [Mix] | Avg Buy: 253 | Avg Sell: 254","1. CC: 41,065 lot (1.03B) [Mix] | Avg Sell: 252
2. KK: 30,400 lot (756.96M) [Bandar] | Avg Sell: 249
3. XC: 10,374 lot (261.15M) [Retail] | Avg Buy: 249 | Avg Sell: 251
4. AK: 10,087 lot (252.36M) [Bandar] | Avg Sell: 250
5. XL: 6,830 lot (168.01M) [Retail] | Avg Buy: 251 | Avg Sell: 249",-8345,"Buyer: Mix 76%, Seller: Mix 42% | Avg Buy Price: 250 | Avg Sell Price: 250",250.2,254.0,250.0,250.2
MPMX,"1. PD: 7,537 lot (771.87M) [Mix] | Avg Buy: 1,024
2. KZ: 5,046 lot (517.72M) [Mix] | Avg Buy: 1,026
3. GR: 2,143 lot (219.17M) [Bandar] | Avg Buy: 1,023
4. KK: 2,025 lot (206.90M) [Bandar] | Avg Buy: 1,022 | Avg Sell: 1,025
5. DX: 1,622 lot (166.25M) [Bandar] | Avg Buy: 1,025","1. XL: 7,490 lot (767.73M) [Retail] | Avg Sell: 1,025
2. BQ: 5,501 lot (566.45M) [Bandar] | Avg Sell: 1,030
3. YP: 2,701 lot (277.77M) [Mix] | Avg Buy: 1,025 | Avg Sell: 1,028
4. YB: 1,231 lot (125.69M) [Retail] | Avg Sell: 1,021
5. NI: 1,201 lot (123.10M) [Bandar] | Avg Buy: 1,025 | Avg Sell: 1,025",249,"Buyer: Mix 68%, Seller: Retail 48% | Avg Buy Price: 1,024 | Avg Sell Price: 1,026",1024.0,1025.0,1025.0,1025.8
NFCX,"1. PG: 265 lot (48.77M) [Mix] | Avg Buy: 1,841
2. CC: 207 lot (38.30M) [Mix] | Avg Buy: 1,850","1. XL: 136 lot (25.39M) [Retail] | Avg Sell: 1,867
2. DR: 49 lot (9.04M) [Retail] | Avg Sell: 1,845
3. YP: 24 lot (4.44M) [Mix] | Avg Sell: 1,848
4. QA: 20 lot (3.68M) [Bandar] | Avg Sell: 1,840",243,"Buyer: Mix 100%, Seller: Retail 81% | Avg Buy Price: 1,846 | Avg Sell Price: 1,850",1845.5,,,1850.0
PANS,"1. PD: 581 lot (101.67M) [Mix] | Avg Buy: 1,750
2. DR: 506 lot (88.70M) [Retail] | Avg Buy: 1,753
3. NI: 429 lot (75.08M) [Bandar] | Avg Buy: 1,750
4. AK: 399 lot (70.02M) [Bandar] | Avg Buy: 1,755
5. XL: 237 lot (41.02M) [Retail] | Avg Buy: 1,731","1. MG: 1,188 lot (207.66M) [Mix] | Avg Sell: 1,748
2. CC: 1,193 lot (206.63M) [Mix] | Avg Sell: 1,732
3. XC: 162 lot (28.35M) [Retail] | Avg Sell: 1,750
4. GR: 120 lot (21.02M) [Bandar] | Avg Sell: 1,752
5. MI: 106 lot (18.58M) [Bandar] | Avg Sell: 1,753",-617,"Buyer: Bandar 38%, Seller: Mix 86% | Avg Buy Price: 1,748 | Avg Sell Price: 1,747",1747.8,,,1747.0
PGAS,"1. ZP: 104,395 lot (24.00B) [Bandar] | Avg Buy: 2,299
2. CC: 80,187 lot (18.46B) [Mix] | Avg Buy: 2,302
3. NI: 77,032 lot (17.72B) [Bandar] | Avg Buy: 2,300
4. MG: 53,952 lot (12.41B) [Mix] | Avg Buy: 2,300
5. BK: 45,297 lot (10.43B) [Bandar] | Avg Buy: 2,304","1. AK: 140,377 lot (32.31B) [Bandar] | Avg Sell: 2,302
2. PD: 52,273 lot (12.08B) [Mix] | Avg Sell: 2,310
3. KZ: 48,002 lot (10.92B) [Mix] | Avg Sell: 2,274
4. DH: 45,632 lot (10.55B) [Bandar] | Avg Sell: 2,312
5. GR: 32,999 lot (7.63B) [Bandar] | Avg Sell: 2,311",41580,"Buyer: Bandar 63%, Seller: Bandar 69% | Avg Buy Price: 2,301 | Avg Sell Price: 2,302",2301.0,,,2301.8
POWR,"1. CC: 50,262 lot (3.67B) [Mix] | Avg Buy: 731
2. NI: 33,940 lot (2.48B) [Bandar] | Avg Buy: 732
3. ZP: 24,715 lot (1.81B) [Bandar] | Avg Buy: 732
4. AI: 19,000 lot (1.38B) [Bandar] | Avg Buy: 728
5. AK: 16,895 lot (1.24B) [Bandar] | Avg Buy: 734","1. PD: 38,310 lot (2.80B) [Mix] | Avg Sell: 731
2. YP: 35,087 lot (2.54B) [Mix] | Avg Sell: 725
3. XL: 30,568 lot (2.24B) [Retail] | Avg Sell: 733
4. XC: 13,158 lot (957.95M) [Retail] | Avg Sell: 728
5. CP: 10,298 lot (755.13M) [Mix] | Avg Sell: 733",17391,"Buyer: Bandar 65%, Seller: Mix 66% | Avg Buy Price: 731 | Avg Sell Price: 730",731.4,,,730.0
PTBA,"1. ZP: 22,906 lot (5.99B) [Bandar] | Avg Buy: 2,617
2. AK: 20,823 lot (5.46B) [Bandar] | Avg Buy: 2,621 | Avg Sell: 2,606
3. NI: 16,408 lot (4.29B) [Bandar] | Avg Buy: 2,613
4. XL: 10,689 lot (2.79B) [Retail] | Avg Buy: 2,609
5. PD: 10,049 lot (2.63B) [Mix] | Avg Buy: 2,619","1. YP: 21,812 lot (5.69B) [Mix] | Avg Sell: 2,607
2. DH: 21,336 lot (5.57B) [Bandar] | Avg Sell: 2,611
3. GR: 10,665 lot (2.80B) [Bandar] | Avg Buy: 2,591 | Avg Sell: 2,619
4. BK: 5,561 lot (1.43B) [Bandar] | Avg Buy: 2,621 | Avg Sell: 2,603
5. KZ: 3,575 lot (935.93M) [Mix] | Avg Sell: 2,618",17926,"Buyer: Bandar 74%, Seller: Bandar 60% | Avg Buy Price: 2,616 | Avg Sell Price: 2,612",2615.8,2606.0,2606.0,2611.6
PWON,"1. AK: 173,973 lot (6.52B) [Bandar] | Avg Buy: 375
2. YU: 131,469 lot (4.91B) [Bandar] | Avg Buy: 374
3. KZ: 117,562 lot (4.39B) [Mix] | Avg Buy: 373
4. NI: 102,206 lot (3.84B) [Bandar] | Avg Buy: 376
5. RX: 92,438 lot (3.45B) [Bandar] | Avg Buy: 374","1. XL: 168,662 lot (6.30B) [Retail] | Avg Sell: 373
2. YP: 93,108 lot (3.48B) [Mix] | Avg Sell: 374
3. PD: 91,653 lot (3.44B) [Mix] | Avg Sell: 376
4. SQ: 61,310 lot (2.28B) [Bandar] | Avg Sell: 373
5. XC: 37,942 lot (1.43B) [Retail] | Avg Buy: 370 | Avg Sell: 375",164973,"Buyer: Bandar 81%, Seller: Retail 46% | Avg Buy Price: 374 | Avg Sell Price: 374",374.4,,370.0,374.2
SDPC,"1. XA: 5,729 lot (113.43M) [Bandar] | Avg Buy: 198","1. DR: 4,163 lot (82.43M) [Retail] | Avg Sell: 198
2. XL: 1,054 lot (20.87M) [Retail] | Avg Sell: 198
3. ES: 15 lot (297,000) [Mix] | Avg Sell: 198",497,"Buyer: Bandar 100%, Seller: Retail 100% | Avg Buy Price: 198 | Avg Sell Price: 198",198.0,,,198.0
SILO,"1. YU: 2,120 lot (579.60M) [Bandar] | Avg Buy: 2,734
2. OD: 1,088 lot (294.85M) [Bandar] | Avg Buy: 2,710
3. YP: 1,053 lot (288.73M) [Mix] | Avg Buy: 2,742
4. CP: 248 lot (67.78M) [Mix] | Avg Buy: 2,733
5. ZP: 197 lot (53.99M) [Bandar] | Avg Buy: 2,741","1. BK: 1,757 lot (479.45M) [Bandar] | Avg Sell: 2,729
2. XL: 1,032 lot (282.39M) [Retail] | Avg Sell: 2,736
3. RF: 1,000 lot (271.00M) [Bandar] | Avg Sell: 2,710
4. SQ: 415 lot (113.83M) [Bandar] | Avg Sell: 2,743
5. XC: 244 lot (66.72M) [Retail] | Avg Sell: 2,734",258,"Buyer: Bandar 72%, Seller: Bandar 71% | Avg Buy Price: 2,732 | Avg Sell Price: 2,730",2732.0,,,2730.4
SOHO,"1. XL: 3,620 lot (1.10B) [Retail] | Avg Buy: 3,035
2. OD: 495 lot (148.26M) [Bandar] | Avg Buy: 2,995
3. AK: 410 lot (124.52M) [Bandar] | Avg Buy: 3,037
4. AI: 348 lot (106.52M) [Bandar] | Avg Buy: 3,061
5. NI: 364 lot (106.24M) [Bandar] | Avg Buy: 2,919","1. LG: 3,623 lot (1.08B) [Bandar] | Avg Sell: 2,985
2. EP: 1,446 lot (432.75M) [Mix] | Avg Buy: 2,985 | Avg Sell: 2,992
3. CC: 1,152 lot (349.88M) [Mix] | Avg Sell: 3,037
4. CP: 470 lot (142.27M) [Mix] | Avg Sell: 3,027
5. BQ: 162 lot (49.60M) [Bandar] | Avg Sell: 3,062",-1616,"Buyer: Retail 69%, Seller: Bandar 55% | Avg Buy Price: 3,009 | Avg Sell Price: 3,021",3009.4,,2985.0,3020.6
TALF,"1. RG: 200 lot (13.22M) [Bandar] | Avg Buy: 661
2. OD: 114 lot (7.30M) [Bandar] | Avg Buy: 645 | Avg Sell: 650",1. XL: 627 lot (41.26M) [Retail] | Avg Sell: 658,-313,"Buyer: Bandar 100%, Seller: Retail 100% | Avg Buy Price: 653 | Avg Sell Price: 658",653.0,650.0,,658.0
TOTL,"1. DH: 4,238 lot (461.52M) [Bandar] | Avg Buy: 1,089
2. NI: 2,856 lot (309.88M) [Bandar] | Avg Buy: 1,085 | Avg Sell: 1,085
3. CC: 1,955 lot (210.99M) [Mix] | Avg Buy: 1,079
4. AK: 1,371 lot (148.53M) [Bandar] | Avg Buy: 1,083
5. PD: 1,196 lot (128.83M) [Mix] | Avg Buy: 1,080 | Avg Sell: 1,085","1. XL: 6,457 lot (698.65M) [Retail] | Avg Sell: 1,082
2. BQ: 3,743 lot (406.39M) [Bandar] | Avg Sell: 1,086
3. RX: 2,512 lot (271.80M) [Bandar] | Avg Sell: 1,082
4. KK: 1,875 lot (202.88M) [Bandar] | Avg Sell: 1,082
5. YB: 1,013 lot (109.40M) [Retail] | Avg Sell: 1,080",-3984,"Buyer: Bandar 73%, Seller: Bandar 52% | Avg Buy Price: 1,083 | Avg Sell Price: 1,082",1083.2,1085.0,,1082.4
ULTJ,"1. BB: 39,704 lot (6.56B) [Mix] | Avg Buy: 1,652
2. RX: 23,175 lot (3.83B) [Bandar] | Avg Buy: 1,652
3. ZP: 6,241 lot (1.03B) [Bandar] | Avg Buy: 1,656
4. EP: 4,015 lot (664.71M) [Mix] | Avg Buy: 1,655 | Avg Sell: 1,647
5. AI: 2,732 lot (455.12M) [Bandar] | Avg Buy: 1,666","1. AT: 30,593 lot (5.06B) [Bandar] | Avg Sell: 1,653
2. CP: 14,612 lot (2.42B) [Mix] | Avg Sell: 1,659
3. KK: 11,856 lot (1.94B) [Bandar] | Avg Sell: 1,640
4. CC: 9,547 lot (1.58B) [Mix] | Avg Buy: 1,650 | Avg Sell: 1,653
5. DX: 3,994 lot (667.00M) [Bandar] | Avg Sell: 1,670",5265,"Buyer: Mix 58%, Seller: Bandar 66% | Avg Buy Price: 1,656 | Avg Sell Price: 1,655",1656.2,1647.0,1650.0,1655.0
