stock,top5_buyers,top5_sellers,net_volume,daily_summary,avg_buy_price_buyers,avg_sell_price_buyers,avg_buy_price_sellers,avg_sell_price_sellers,buyers_detail,sellers_detail
BIPI,"1. XL: 4,534,567 lot (68.05B) [Retail] | Avg Buy: 150
2. XC: 747,458 lot (11.09B) [Retail] | Avg Buy: 148
3. MG: 607,946 lot (8.45B) [Mix] | Avg Buy: 137 | Avg Sell: 149
4. YP: 529,233 lot (8.12B) [Mix] | Avg Buy: 153
5. CP: 439,560 lot (6.22B) [Mix] | Avg Buy: 142","1. AK: 3,358,284 lot (50.14B) [Bandar] | Avg Sell: 149
2. BK: 1,554,291 lot (22.58B) [Bandar] | Avg Sell: 145
3. ZP: 1,121,701 lot (16.90B) [Bandar] | Avg Sell: 151
4. BB: 823,200 lot (11.01B) [Mix] | Avg Buy: 161 | Avg Sell: 137
5. LG: 625,578 lot (8.90B) [Bandar] | Avg Sell: 142",-624290,"Buyer: Retail 77%, Seller: Bandar 89% | Avg Buy Price: 146 | Avg Sell Price: 145",146.0,149.0,161.0,144.8,"[{'broker': 'XL', 'net_lot': 4534567, 'net_value': 68051481400, 'avg_buy_price': 150, 'avg_sell_price': None, 'category': 'Retail'}, {'broker': 'XC', 'net_lot': 747458, 'net_value': 11086870200, 'avg_buy_price': 148, 'avg_sell_price': None, 'category': 'Retail'}, {'broker': 'MG', 'net_lot': 607946, 'net_value': 8452156600, 'avg_buy_price': 137, 'avg_sell_price': 149, 'category': 'Mix'}, {'broker': 'YP', 'net_lot': 529233, 'net_value': 8121183000, 'avg_buy_price': 153, 'avg_sell_price': None, 'category': 'Mix'}, {'broker': 'CP', 'net_lot': 439560, 'net_value': 6222217600, 'avg_buy_price': 142, 'avg_sell_price': None, 'category': 'Mix'}]","[{'broker': 'AK', 'net_lot': 3358284, 'net_value': 50142688800, 'avg_buy_price': None, 'avg_sell_price': 149, 'category': 'Bandar'}, {'broker': 'BK', 'net_lot': 1554291, 'net_value': 22584549000, 'avg_buy_price': None, 'avg_sell_price': 145, 'category': 'Bandar'}, {'broker': 'ZP', 'net_lot': 1121701, 'net_value': 16904477000, 'avg_buy_price': None, 'avg_sell_price': 151, 'category': 'Bandar'}, {'broker': 'BB', 'net_lot': 823200, 'net_value': 11006640000, 'avg_buy_price': 161, 'avg_sell_price': 137, 'category': 'Mix'}, {'broker': 'LG', 'net_lot': 625578, 'net_value': 8901818000, 'avg_buy_price': None, 'avg_sell_price': 142, 'category': 'Bandar'}]"
ELSA,"1. CC: 108,861 lot (7.62B) [Mix] | Avg Buy: 702 | Avg Sell: 727
2. KZ: 71,882 lot (5.00B) [Mix] | Avg Buy: 696
3. YB: 42,091 lot (3.03B) [Retail] | Avg Buy: 719
4. XC: 34,849 lot (2.51B) [Retail] | Avg Buy: 717 | Avg Sell: 699
5. MG: 29,627 lot (2.09B) [Mix] | Avg Buy: 706","1. ZP: 210,152 lot (14.87B) [Bandar] | Avg Sell: 707
2. GR: 121,416 lot (8.66B) [Bandar] | Avg Sell: 713
3. BK: 82,548 lot (5.84B) [Bandar] | Avg Sell: 708
4. KK: 31,687 lot (2.22B) [Bandar] | Avg Buy: 724 | Avg Sell: 709
5. YP: 23,420 lot (1.72B) [Mix] | Avg Buy: 704 | Avg Sell: 716",-181913,"Buyer: Mix 73%, Seller: Bandar 95% | Avg Buy Price: 708 | Avg Sell Price: 711",708.0,713.0,714.0,710.6,"[{'broker': 'CC', 'net_lot': 108861, 'net_value': 7616379700, 'avg_buy_price': 702, 'avg_sell_price': 727, 'category': 'Mix'}, {'broker': 'KZ', 'net_lot': 71882, 'net_value': 5002987200, 'avg_buy_price': 696, 'avg_sell_price': None, 'category': 'Mix'}, {'broker': 'YB', 'net_lot': 42091, 'net_value': 3026840300, 'avg_buy_price': 719, 'avg_sell_price': None, 'category': 'Retail'}, {'broker': 'XC', 'net_lot': 34849, 'net_value': 2505923700, 'avg_buy_price': 717, 'avg_sell_price': 699, 'category': 'Retail'}, {'broker': 'MG', 'net_lot': 29627, 'net_value': 2092826300, 'avg_buy_price': 706, 'avg_sell_price': None, 'category': 'Mix'}]","[{'broker': 'ZP', 'net_lot': 210152, 'net_value': 14866420600, 'avg_buy_price': None, 'avg_sell_price': 707, 'category': 'Bandar'}, {'broker': 'GR', 'net_lot': 121416, 'net_value': 8657544000, 'avg_buy_price': None, 'avg_sell_price': 713, 'category': 'Bandar'}, {'broker': 'BK', 'net_lot': 82548, 'net_value': 5842319100, 'avg_buy_price': None, 'avg_sell_price': 708, 'category': 'Bandar'}, {'broker': 'KK', 'net_lot': 31687, 'net_value': 2215909300, 'avg_buy_price': 724, 'avg_sell_price': 709, 'category': 'Bandar'}, {'broker': 'YP', 'net_lot': 23420, 'net_value': 1723013200, 'avg_buy_price': 704, 'avg_sell_price': 716, 'category': 'Mix'}]"
ESTI,"1. XL: 51,023 lot (1.07B) [Retail] | Avg Buy: 210
2. YP: 11,389 lot (238.65M) [Mix] | Avg Buy: 210
3. XC: 4,081 lot (85.69M) [Retail] | Avg Buy: 210
4. GR: 1,761 lot (35.34M) [Bandar] | Avg Buy: 203 | Avg Sell: 204
5. DX: 1,560 lot (32.76M) [Bandar] | Avg Buy: 210","1. XA: 23,214 lot (515.35M) [Bandar] | Avg Sell: 222
2. AK: 9,685 lot (205.32M) [Bandar] | Avg Sell: 212
3. SH: 9,000 lot (201.60M) [Bandar] | Avg Sell: 224
4. PD: 5,569 lot (118.17M) [Mix] | Avg Sell: 212
5. NI: 5,529 lot (117.73M) [Bandar] | Avg Sell: 213",16817,"Buyer: Retail 79%, Seller: Bandar 89% | Avg Buy Price: 209 | Avg Sell Price: 217",208.6,204.0,,216.6,"[{'broker': 'XL', 'net_lot': 51023, 'net_value': 1073704300, 'avg_buy_price': 210, 'avg_sell_price': None, 'category': 'Retail'}, {'broker': 'YP', 'net_lot': 11389, 'net_value': 238647900, 'avg_buy_price': 210, 'avg_sell_price': None, 'category': 'Mix'}, {'broker': 'XC', 'net_lot': 4081, 'net_value': 85693700, 'avg_buy_price': 210, 'avg_sell_price': None, 'category': 'Retail'}, {'broker': 'GR', 'net_lot': 1761, 'net_value': 35344000, 'avg_buy_price': 203, 'avg_sell_price': 204, 'category': 'Bandar'}, {'broker': 'DX', 'net_lot': 1560, 'net_value': 32760000, 'avg_buy_price': 210, 'avg_sell_price': None, 'category': 'Bandar'}]","[{'broker': 'XA', 'net_lot': 23214, 'net_value': 515350800, 'avg_buy_price': None, 'avg_sell_price': 222, 'category': 'Bandar'}, {'broker': 'AK', 'net_lot': 9685, 'net_value': 205322000, 'avg_buy_price': None, 'avg_sell_price': 212, 'category': 'Bandar'}, {'broker': 'SH', 'net_lot': 9000, 'net_value': 201600000, 'avg_buy_price': None, 'avg_sell_price': 224, 'category': 'Bandar'}, {'broker': 'PD', 'net_lot': 5569, 'net_value': 118174100, 'avg_buy_price': None, 'avg_sell_price': 212, 'category': 'Mix'}, {'broker': 'NI', 'net_lot': 5529, 'net_value': 117731000, 'avg_buy_price': None, 'avg_sell_price': 213, 'category': 'Bandar'}]"
GGRM,"1. RX: 9,162 lot (15.26B) [Bandar] | Avg Buy: 16,661
2. AK: 3,764 lot (6.06B) [Bandar] | Avg Buy: 16,093
3. MG: 1,645 lot (2.76B) [Mix] | Avg Buy: 16,756
4. ZP: 1,057 lot (1.67B) [Bandar] | Avg Buy: 15,954 | Avg Sell: 16,826
5. DR: 1,005 lot (1.65B) [Retail] | Avg Buy: 16,395","1. YP: 3,609 lot (5.76B) [Mix] | Avg Buy: 16,835 | Avg Sell: 15,983
2. NI: 2,766 lot (4.63B) [Bandar] | Avg Sell: 16,739
3. CC: 2,216 lot (3.68B) [Mix] | Avg Sell: 16,585
4. XL: 1,548 lot (2.59B) [Retail] | Avg Sell: 16,709
5. BK: 1,482 lot (2.56B) [Bandar] | Avg Buy: 16,177 | Avg Sell: 16,899",5012,"Buyer: Bandar 84%, Seller: Mix 50% | Avg Buy Price: 16,372 | Avg Sell Price: 16,583",16371.8,16826.0,16506.0,16583.0,"[{'broker': 'RX', 'net_lot': 9162, 'net_value': 15264935700, 'avg_buy_price': 16661, 'avg_sell_price': None, 'category': 'Bandar'}, {'broker': 'AK', 'net_lot': 3764, 'net_value': 6057482800, 'avg_buy_price': 16093, 'avg_sell_price': None, 'category': 'Bandar'}, {'broker': 'MG', 'net_lot': 1645, 'net_value': 2756350100, 'avg_buy_price': 16756, 'avg_sell_price': None, 'category': 'Mix'}, {'broker': 'ZP', 'net_lot': 1057, 'net_value': 1666194600, 'avg_buy_price': 15954, 'avg_sell_price': 16826, 'category': 'Bandar'}, {'broker': 'DR', 'net_lot': 1005, 'net_value': 1647729000, 'avg_buy_price': 16395, 'avg_sell_price': None, 'category': 'Retail'}]","[{'broker': 'YP', 'net_lot': 3609, 'net_value': 5762471100, 'avg_buy_price': 16835, 'avg_sell_price': 15983, 'category': 'Mix'}, {'broker': 'NI', 'net_lot': 2766, 'net_value': 4630137800, 'avg_buy_price': None, 'avg_sell_price': 16739, 'category': 'Bandar'}, {'broker': 'CC', 'net_lot': 2216, 'net_value': 3675137200, 'avg_buy_price': None, 'avg_sell_price': 16585, 'category': 'Mix'}, {'broker': 'XL', 'net_lot': 1548, 'net_value': 2586613500, 'avg_buy_price': None, 'avg_sell_price': 16709, 'category': 'Retail'}, {'broker': 'BK', 'net_lot': 1482, 'net_value': 2562336200, 'avg_buy_price': 16177, 'avg_sell_price': 16899, 'category': 'Bandar'}]"
INDY,"1. PD: 64,235 lot (20.76B) [Mix] | Avg Buy: 3,232
2. NI: 39,269 lot (12.93B) [Bandar] | Avg Buy: 3,291
3. BB: 37,067 lot (11.26B) [Mix] | Avg Buy: 3,039
4. AI: 35,026 lot (10.66B) [Bandar] | Avg Buy: 3,043
5. ZP: 32,161 lot (10.53B) [Bandar] | Avg Buy: 3,275","1. CC: 166,729 lot (51.21B) [Mix] | Avg Sell: 3,071
2. LG: 26,535 lot (9.23B) [Bandar] | Avg Buy: 3,041 | Avg Sell: 3,302
3. AK: 23,229 lot (7.94B) [Bandar] | Avg Buy: 3,009 | Avg Sell: 3,275
4. CP: 25,066 lot (7.37B) [Mix] | Avg Sell: 2,939
5. IF: 11,786 lot (3.51B) [Mix] | Avg Sell: 2,982",-45587,"Buyer: Bandar 51%, Seller: Mix 80% | Avg Buy Price: 3,176 | Avg Sell Price: 3,114",3176.0,,3025.0,3113.8,"[{'broker': 'PD', 'net_lot': 64235, 'net_value': 20762680300, 'avg_buy_price': 3232, 'avg_sell_price': None, 'category': 'Mix'}, {'broker': 'NI', 'net_lot': 39269, 'net_value': 12925170400, 'avg_buy_price': 3291, 'avg_sell_price': None, 'category': 'Bandar'}, {'broker': 'BB', 'net_lot': 37067, 'net_value': 11264168600, 'avg_buy_price': 3039, 'avg_sell_price': None, 'category': 'Mix'}, {'broker': 'AI', 'net_lot': 35026, 'net_value': 10658447600, 'avg_buy_price': 3043, 'avg_sell_price': None, 'category': 'Bandar'}, {'broker': 'ZP', 'net_lot': 32161, 'net_value': 10531753200, 'avg_buy_price': 3275, 'avg_sell_price': None, 'category': 'Bandar'}]","[{'broker': 'CC', 'net_lot': 166729, 'net_value': 51209129300, 'avg_buy_price': None, 'avg_sell_price': 3071, 'category': 'Mix'}, {'broker': 'LG', 'net_lot': 26535, 'net_value': 9225471300, 'avg_buy_price': 3041, 'avg_sell_price': 3302, 'category': 'Bandar'}, {'broker': 'AK', 'net_lot': 23229, 'net_value': 7938321700, 'avg_buy_price': 3009, 'avg_sell_price': 3275, 'category': 'Bandar'}, {'broker': 'CP', 'net_lot': 25066, 'net_value': 7367205200, 'avg_buy_price': None, 'avg_sell_price': 2939, 'category': 'Mix'}, {'broker': 'IF', 'net_lot': 11786, 'net_value': 3514489500, 'avg_buy_price': None, 'avg_sell_price': 2982, 'category': 'Mix'}]"
LPCK,"1. DH: 3,776 lot (308.12M) [Bandar] | Avg Buy: 816
2. LG: 3,115 lot (251.09M) [Bandar] | Avg Buy: 806
3. NI: 3,001 lot (244.26M) [Bandar] | Avg Buy: 814
4. YP: 2,225 lot (179.45M) [Mix] | Avg Buy: 807
5. DR: 1,438 lot (115.24M) [Retail] | Avg Buy: 801","1. XL: 5,865 lot (471.40M) [Retail] | Avg Sell: 804
2. AK: 4,001 lot (320.64M) [Bandar] | Avg Sell: 801
3. SQ: 2,350 lot (189.14M) [Bandar] | Avg Sell: 805
4. XC: 1,909 lot (150.81M) [Retail] | Avg Sell: 790
5. RF: 1,525 lot (120.22M) [Bandar] | Avg Buy: 815 | Avg Sell: 802",-2095,"Buyer: Bandar 73%, Seller: Bandar 50% | Avg Buy Price: 809 | Avg Sell Price: 800",808.8,,815.0,800.4,"[{'broker': 'DH', 'net_lot': 3776, 'net_value': 308121600, 'avg_buy_price': 816, 'avg_sell_price': None, 'category': 'Bandar'}, {'broker': 'LG', 'net_lot': 3115, 'net_value': 251089000, 'avg_buy_price': 806, 'avg_sell_price': None, 'category': 'Bandar'}, {'broker': 'NI', 'net_lot': 3001, 'net_value': 244264300, 'avg_buy_price': 814, 'avg_sell_price': None, 'category': 'Bandar'}, {'broker': 'YP', 'net_lot': 2225, 'net_value': 179448800, 'avg_buy_price': 807, 'avg_sell_price': None, 'category': 'Mix'}, {'broker': 'DR', 'net_lot': 1438, 'net_value': 115243200, 'avg_buy_price': 801, 'avg_sell_price': None, 'category': 'Retail'}]","[{'broker': 'XL', 'net_lot': 5865, 'net_value': 471404000, 'avg_buy_price': None, 'avg_sell_price': 804, 'category': 'Retail'}, {'broker': 'AK', 'net_lot': 4001, 'net_value': 320644000, 'avg_buy_price': None, 'avg_sell_price': 801, 'category': 'Bandar'}, {'broker': 'SQ', 'net_lot': 2350, 'net_value': 189135800, 'avg_buy_price': None, 'avg_sell_price': 805, 'category': 'Bandar'}, {'broker': 'XC', 'net_lot': 1909, 'net_value': 150811000, 'avg_buy_price': None, 'avg_sell_price': 790, 'category': 'Retail'}, {'broker': 'RF', 'net_lot': 1525, 'net_value': 120225000, 'avg_buy_price': 815, 'avg_sell_price': 802, 'category': 'Bandar'}]"
LPPF,"1. CC: 5,584 lot (1.02B) [Mix] | Avg Buy: 1,832
2. GR: 3,046 lot (563.81M) [Bandar] | Avg Buy: 1,851
3. BB: 2,454 lot (457.43M) [Mix] | Avg Buy: 1,864
4. XC: 1,748 lot (322.82M) [Retail] | Avg Buy: 1,847
5. KI: 1,677 lot (304.38M) [Bandar] | Avg Buy: 1,815","1. ZP: 10,157 lot (1.86B) [Bandar] | Avg Sell: 1,836
2. XL: 3,347 lot (622.23M) [Retail] | Avg Sell: 1,859
3. SQ: 2,880 lot (536.31M) [Bandar] | Avg Sell: 1,862
4. OD: 1,508 lot (272.64M) [Bandar] | Avg Buy: 1,860 | Avg Sell: 1,823
5. IF: 1,408 lot (256.26M) [Mix] | Avg Sell: 1,820",-4791,"Buyer: Mix 55%, Seller: Bandar 75% | Avg Buy Price: 1,842 | Avg Sell Price: 1,840",1841.8,,1860.0,1840.0,"[{'broker': 'CC', 'net_lot': 5584, 'net_value': 1023126600, 'avg_buy_price': 1832, 'avg_sell_price': None, 'category': 'Mix'}, {'broker': 'GR', 'net_lot': 3046, 'net_value': 563814600, 'avg_buy_price': 1851, 'avg_sell_price': None, 'category': 'Bandar'}, {'broker': 'BB', 'net_lot': 2454, 'net_value': 457425600, 'avg_buy_price': 1864, 'avg_sell_price': None, 'category': 'Mix'}, {'broker': 'XC', 'net_lot': 1748, 'net_value': 322822000, 'avg_buy_price': 1847, 'avg_sell_price': None, 'category': 'Retail'}, {'broker': 'KI', 'net_lot': 1677, 'net_value': 304375500, 'avg_buy_price': 1815, 'avg_sell_price': None, 'category': 'Bandar'}]","[{'broker': 'ZP', 'net_lot': 10157, 'net_value': 1864913100, 'avg_buy_price': None, 'avg_sell_price': 1836, 'category': 'Bandar'}, {'broker': 'XL', 'net_lot': 3347, 'net_value': 622233600, 'avg_buy_price': None, 'avg_sell_price': 1859, 'category': 'Retail'}, {'broker': 'SQ', 'net_lot': 2880, 'net_value': 536314400, 'avg_buy_price': None, 'avg_sell_price': 1862, 'category': 'Bandar'}, {'broker': 'OD', 'net_lot': 1508, 'net_value': 272640300, 'avg_buy_price': 1860, 'avg_sell_price': 1823, 'category': 'Bandar'}, {'broker': 'IF', 'net_lot': 1408, 'net_value': 256256000, 'avg_buy_price': None, 'avg_sell_price': 1820, 'category': 'Mix'}]"
MPMX,"1. YB: 3,963 lot (398.28M) [Retail] | Avg Buy: 1,005
2. BK: 2,756 lot (278.02M) [Bandar] | Avg Buy: 1,009
3. IF: 2,025 lot (205.54M) [Mix] | Avg Buy: 1,015
4. NI: 1,214 lot (123.11M) [Bandar] | Avg Buy: 1,014
5. AZ: 1,098 lot (110.35M) [Retail] | Avg Buy: 1,005","1. KK: 4,174 lot (420.00M) [Bandar] | Avg Sell: 1,006
2. AG: 1,300 lot (131.30M) [Bandar] | Avg Sell: 1,010
3. AK: 1,260 lot (126.76M) [Bandar] | Avg Sell: 1,006
4. CC: 1,192 lot (121.51M) [Mix] | Avg Buy: 1,009 | Avg Sell: 1,014
5. DR: 1,173 lot (118.57M) [Retail] | Avg Sell: 1,011",1957,"Buyer: Retail 46%, Seller: Bandar 74% | Avg Buy Price: 1,010 | Avg Sell Price: 1,009",1009.6,,1009.0,1009.4,"[{'broker': 'YB', 'net_lot': 3963, 'net_value': 398281500, 'avg_buy_price': 1005, 'avg_sell_price': None, 'category': 'Retail'}, {'broker': 'BK', 'net_lot': 2756, 'net_value': 278018800, 'avg_buy_price': 1009, 'avg_sell_price': None, 'category': 'Bandar'}, {'broker': 'IF', 'net_lot': 2025, 'net_value': 205537500, 'avg_buy_price': 1015, 'avg_sell_price': None, 'category': 'Mix'}, {'broker': 'NI', 'net_lot': 1214, 'net_value': 123114500, 'avg_buy_price': 1014, 'avg_sell_price': None, 'category': 'Bandar'}, {'broker': 'AZ', 'net_lot': 1098, 'net_value': 110349000, 'avg_buy_price': 1005, 'avg_sell_price': None, 'category': 'Retail'}]","[{'broker': 'KK', 'net_lot': 4174, 'net_value': 420003100, 'avg_buy_price': None, 'avg_sell_price': 1006, 'category': 'Bandar'}, {'broker': 'AG', 'net_lot': 1300, 'net_value': 131300000, 'avg_buy_price': None, 'avg_sell_price': 1010, 'category': 'Bandar'}, {'broker': 'AK', 'net_lot': 1260, 'net_value': 126756000, 'avg_buy_price': None, 'avg_sell_price': 1006, 'category': 'Bandar'}, {'broker': 'CC', 'net_lot': 1192, 'net_value': 121507800, 'avg_buy_price': 1009, 'avg_sell_price': 1014, 'category': 'Mix'}, {'broker': 'DR', 'net_lot': 1173, 'net_value': 118565500, 'avg_buy_price': None, 'avg_sell_price': 1011, 'category': 'Retail'}]"
PGAS,"1. AK: 75,160 lot (16.25B) [Bandar] | Avg Buy: 2,162
2. YU: 70,045 lot (15.43B) [Bandar] | Avg Buy: 2,193 | Avg Sell: 2,156
3. ZP: 54,184 lot (11.82B) [Bandar] | Avg Buy: 2,181
4. GR: 40,641 lot (8.93B) [Bandar] | Avg Buy: 2,198 | Avg Sell: 2,201
5. RX: 32,127 lot (7.05B) [Bandar] | Avg Buy: 2,192 | Avg Sell: 2,160","1. HP: 135,077 lot (28.99B) [Bandar] | Avg Buy: 2,199 | Avg Sell: 2,146
2. CC: 92,893 lot (20.33B) [Mix] | Avg Sell: 2,188
3. OD: 37,342 lot (8.17B) [Bandar] | Avg Sell: 2,189
4. RO: 18,660 lot (4.10B) [Bandar] | Avg Sell: 2,195
5. BB: 18,439 lot (4.03B) [Mix] | Avg Sell: 2,183",-30254,"Buyer: Bandar 100%, Seller: Bandar 63% | Avg Buy Price: 2,185 | Avg Sell Price: 2,180",2185.2,2172.3333333333335,2199.0,2180.2,"[{'broker': 'AK', 'net_lot': 75160, 'net_value': 16253276800, 'avg_buy_price': 2162, 'avg_sell_price': None, 'category': 'Bandar'}, {'broker': 'YU', 'net_lot': 70045, 'net_value': 15429829100, 'avg_buy_price': 2193, 'avg_sell_price': 2156, 'category': 'Bandar'}, {'broker': 'ZP', 'net_lot': 54184, 'net_value': 11815549200, 'avg_buy_price': 2181, 'avg_sell_price': None, 'category': 'Bandar'}, {'broker': 'GR', 'net_lot': 40641, 'net_value': 8932554300, 'avg_buy_price': 2198, 'avg_sell_price': 2201, 'category': 'Bandar'}, {'broker': 'RX', 'net_lot': 32127, 'net_value': 7048100800, 'avg_buy_price': 2192, 'avg_sell_price': 2160, 'category': 'Bandar'}]","[{'broker': 'HP', 'net_lot': 135077, 'net_value': 28986448300, 'avg_buy_price': 2199, 'avg_sell_price': 2146, 'category': 'Bandar'}, {'broker': 'CC', 'net_lot': 92893, 'net_value': 20328936900, 'avg_buy_price': None, 'avg_sell_price': 2188, 'category': 'Mix'}, {'broker': 'OD', 'net_lot': 37342, 'net_value': 8173708300, 'avg_buy_price': None, 'avg_sell_price': 2189, 'category': 'Bandar'}, {'broker': 'RO', 'net_lot': 18660, 'net_value': 4096530000, 'avg_buy_price': None, 'avg_sell_price': 2195, 'category': 'Bandar'}, {'broker': 'BB', 'net_lot': 18439, 'net_value': 4025667900, 'avg_buy_price': None, 'avg_sell_price': 2183, 'category': 'Mix'}]"
PTBA,"1. RX: 20,893 lot (5.32B) [Bandar] | Avg Buy: 2,544 | Avg Sell: 2,520
2. ZP: 19,390 lot (4.93B) [Bandar] | Avg Buy: 2,542
3. YU: 13,039 lot (3.30B) [Bandar] | Avg Buy: 2,529
4. AK: 10,657 lot (2.67B) [Bandar] | Avg Buy: 2,513 | Avg Sell: 2,545
5. AZ: 6,467 lot (1.64B) [Retail] | Avg Buy: 2,543","1. GR: 43,026 lot (10.91B) [Bandar] | Avg Sell: 2,536
2. OD: 21,479 lot (5.42B) [Bandar] | Avg Sell: 2,521
3. DX: 5,716 lot (1.45B) [Bandar] | Avg Sell: 2,543
4. AT: 5,679 lot (1.44B) [Bandar] | Avg Buy: 2,518 | Avg Sell: 2,535
5. XL: 4,802 lot (1.24B) [Retail] | Avg Buy: 2,518 | Avg Sell: 2,546",-10256,"Buyer: Bandar 91%, Seller: Bandar 94% | Avg Buy Price: 2,534 | Avg Sell Price: 2,536",2534.2,2532.5,2518.0,2536.2,"[{'broker': 'RX', 'net_lot': 20893, 'net_value': 5316801600, 'avg_buy_price': 2544, 'avg_sell_price': 2520, 'category': 'Bandar'}, {'broker': 'ZP', 'net_lot': 19390, 'net_value': 4927980300, 'avg_buy_price': 2542, 'avg_sell_price': None, 'category': 'Bandar'}, {'broker': 'YU', 'net_lot': 13039, 'net_value': 3297050400, 'avg_buy_price': 2529, 'avg_sell_price': None, 'category': 'Bandar'}, {'broker': 'AK', 'net_lot': 10657, 'net_value': 2672670500, 'avg_buy_price': 2513, 'avg_sell_price': 2545, 'category': 'Bandar'}, {'broker': 'AZ', 'net_lot': 6467, 'net_value': 1644709100, 'avg_buy_price': 2543, 'avg_sell_price': None, 'category': 'Retail'}]","[{'broker': 'GR', 'net_lot': 43026, 'net_value': 10913336400, 'avg_buy_price': None, 'avg_sell_price': 2536, 'category': 'Bandar'}, {'broker': 'OD', 'net_lot': 21479, 'net_value': 5415130300, 'avg_buy_price': None, 'avg_sell_price': 2521, 'category': 'Bandar'}, {'broker': 'DX', 'net_lot': 5716, 'net_value': 1453445100, 'avg_buy_price': None, 'avg_sell_price': 2543, 'category': 'Bandar'}, {'broker': 'AT', 'net_lot': 5679, 'net_value': 1439730200, 'avg_buy_price': 2518, 'avg_sell_price': 2535, 'category': 'Bandar'}, {'broker': 'XL', 'net_lot': 4802, 'net_value': 1236239200, 'avg_buy_price': 2518, 'avg_sell_price': 2546, 'category': 'Retail'}]"
SCCO,"1. SQ: 165 lot (40.79M) [Bandar] | Avg Buy: 2,472
2. GR: 44 lot (11.00M) [Bandar] | Avg Buy: 2,500
3. YU: 20 lot (5.06M) [Bandar] | Avg Buy: 2,530","1. XL: 167 lot (41.52M) [Retail] | Avg Sell: 2,486
2. CC: 157 lot (38.76M) [Mix] | Avg Sell: 2,469
3. DR: 51 lot (12.55M) [Retail] | Avg Sell: 2,461",-146,"Buyer: Bandar 100%, Seller: Retail 58% | Avg Buy Price: 2,501 | Avg Sell Price: 2,472",2500.6666666666665,,,2472.0,"[{'broker': 'SQ', 'net_lot': 165, 'net_value': 40788000, 'avg_buy_price': 2472, 'avg_sell_price': None, 'category': 'Bandar'}, {'broker': 'GR', 'net_lot': 44, 'net_value': 11000000, 'avg_buy_price': 2500, 'avg_sell_price': None, 'category': 'Bandar'}, {'broker': 'YU', 'net_lot': 20, 'net_value': 5060000, 'avg_buy_price': 2530, 'avg_sell_price': None, 'category': 'Bandar'}]","[{'broker': 'XL', 'net_lot': 167, 'net_value': 41516200, 'avg_buy_price': None, 'avg_sell_price': 2486, 'category': 'Retail'}, {'broker': 'CC', 'net_lot': 157, 'net_value': 38763300, 'avg_buy_price': None, 'avg_sell_price': 2469, 'category': 'Mix'}, {'broker': 'DR', 'net_lot': 51, 'net_value': 12551100, 'avg_buy_price': None, 'avg_sell_price': 2461, 'category': 'Retail'}]"
SILO,"1. NI: 20,011 lot (5.72B) [Bandar] | Avg Buy: 2,857
2. LG: 2,512 lot (705.62M) [Bandar] | Avg Buy: 2,809
3. XL: 2,325 lot (653.92M) [Retail] | Avg Buy: 2,813
4. YP: 346 lot (98.09M) [Mix] | Avg Buy: 2,835
5. BK: 278 lot (77.98M) [Bandar] | Avg Buy: 2,805","1. ZP: 11,351 lot (3.22B) [Bandar] | Avg Sell: 2,833
2. KK: 3,776 lot (1.07B) [Bandar] | Avg Sell: 2,837
3. DP: 3,000 lot (864.00M) [Bandar] | Avg Sell: 2,880
4. CD: 2,000 lot (570.00M) [Bandar] | Avg Sell: 2,850
5. CC: 1,802 lot (511.35M) [Mix] | Avg Sell: 2,838",3543,"Buyer: Bandar 90%, Seller: Bandar 92% | Avg Buy Price: 2,824 | Avg Sell Price: 2,848",2823.8,,,2847.6,"[{'broker': 'NI', 'net_lot': 20011, 'net_value': 5718081500, 'avg_buy_price': 2857, 'avg_sell_price': None, 'category': 'Bandar'}, {'broker': 'LG', 'net_lot': 2512, 'net_value': 705620800, 'avg_buy_price': 2809, 'avg_sell_price': None, 'category': 'Bandar'}, {'broker': 'XL', 'net_lot': 2325, 'net_value': 653917500, 'avg_buy_price': 2813, 'avg_sell_price': None, 'category': 'Retail'}, {'broker': 'YP', 'net_lot': 346, 'net_value': 98091000, 'avg_buy_price': 2835, 'avg_sell_price': None, 'category': 'Mix'}, {'broker': 'BK', 'net_lot': 278, 'net_value': 77979000, 'avg_buy_price': 2805, 'avg_sell_price': None, 'category': 'Bandar'}]","[{'broker': 'ZP', 'net_lot': 11351, 'net_value': 3215826000, 'avg_buy_price': None, 'avg_sell_price': 2833, 'category': 'Bandar'}, {'broker': 'KK', 'net_lot': 3776, 'net_value': 1071251200, 'avg_buy_price': None, 'avg_sell_price': 2837, 'category': 'Bandar'}, {'broker': 'DP', 'net_lot': 3000, 'net_value': 864000000, 'avg_buy_price': None, 'avg_sell_price': 2880, 'category': 'Bandar'}, {'broker': 'CD', 'net_lot': 2000, 'net_value': 570000000, 'avg_buy_price': None, 'avg_sell_price': 2850, 'category': 'Bandar'}, {'broker': 'CC', 'net_lot': 1802, 'net_value': 511346900, 'avg_buy_price': None, 'avg_sell_price': 2838, 'category': 'Mix'}]"
SSTM,"1. XL: 2,560 lot (536.90M) [Retail] | Avg Buy: 2,097
2. CC: 1,423 lot (294.52M) [Mix] | Avg Buy: 2,070
3. PD: 329 lot (66.13M) [Mix] | Avg Buy: 2,010
4. XA: 196 lot (42.53M) [Bandar] | Avg Buy: 2,170
5. YP: 181 lot (35.04M) [Mix] | Avg Buy: 1,936","1. NI: 2,872 lot (558.66M) [Bandar] | Avg Sell: 1,945
2. LG: 2,387 lot (514.64M) [Bandar] | Avg Sell: 2,156
3. OD: 97 lot (19.42M) [Bandar] | Avg Sell: 2,002
4. RB: 29 lot (6.21M) [Retail] | Avg Sell: 2,140
5. IF: 19 lot (4.18M) [Mix] | Avg Sell: 2,200",-715,"Buyer: Retail 55%, Seller: Bandar 99% | Avg Buy Price: 2,057 | Avg Sell Price: 2,089",2056.6,,,2088.6,"[{'broker': 'XL', 'net_lot': 2560, 'net_value': 536904000, 'avg_buy_price': 2097, 'avg_sell_price': None, 'category': 'Retail'}, {'broker': 'CC', 'net_lot': 1423, 'net_value': 294524800, 'avg_buy_price': 2070, 'avg_sell_price': None, 'category': 'Mix'}, {'broker': 'PD', 'net_lot': 329, 'net_value': 66129000, 'avg_buy_price': 2010, 'avg_sell_price': None, 'category': 'Mix'}, {'broker': 'XA', 'net_lot': 196, 'net_value': 42532000, 'avg_buy_price': 2170, 'avg_sell_price': None, 'category': 'Bandar'}, {'broker': 'YP', 'net_lot': 181, 'net_value': 35041600, 'avg_buy_price': 1936, 'avg_sell_price': None, 'category': 'Mix'}]","[{'broker': 'NI', 'net_lot': 2872, 'net_value': 558664400, 'avg_buy_price': None, 'avg_sell_price': 1945, 'category': 'Bandar'}, {'broker': 'LG', 'net_lot': 2387, 'net_value': 514637200, 'avg_buy_price': None, 'avg_sell_price': 2156, 'category': 'Bandar'}, {'broker': 'OD', 'net_lot': 97, 'net_value': 19419400, 'avg_buy_price': None, 'avg_sell_price': 2002, 'category': 'Bandar'}, {'broker': 'RB', 'net_lot': 29, 'net_value': 6206000, 'avg_buy_price': None, 'avg_sell_price': 2140, 'category': 'Retail'}, {'broker': 'IF', 'net_lot': 19, 'net_value': 4180000, 'avg_buy_price': None, 'avg_sell_price': 2200, 'category': 'Mix'}]"
ULTJ,"1. LG: 4,392 lot (665.07M) [Bandar] | Avg Buy: 1,514
2. BK: 2,905 lot (438.95M) [Bandar] | Avg Buy: 1,511
3. ZP: 2,651 lot (404.17M) [Bandar] | Avg Buy: 1,525
4. YP: 1,909 lot (290.17M) [Mix] | Avg Buy: 1,520
5. CC: 889 lot (132.30M) [Mix] | Avg Buy: 1,510 | Avg Sell: 1,520","1. AK: 2,918 lot (442.92M) [Bandar] | Avg Sell: 1,518
2. PD: 2,638 lot (401.31M) [Mix] | Avg Sell: 1,521
3. KK: 1,503 lot (229.66M) [Bandar] | Avg Sell: 1,528
4. RX: 1,463 lot (221.94M) [Bandar] | Avg Sell: 1,517
5. NI: 1,403 lot (212.28M) [Bandar] | Avg Sell: 1,513",2821,"Buyer: Bandar 78%, Seller: Bandar 73% | Avg Buy Price: 1,516 | Avg Sell Price: 1,519",1516.0,1520.0,,1519.4,"[{'broker': 'LG', 'net_lot': 4392, 'net_value': 665073100, 'avg_buy_price': 1514, 'avg_sell_price': None, 'category': 'Bandar'}, {'broker': 'BK', 'net_lot': 2905, 'net_value': 438945500, 'avg_buy_price': 1511, 'avg_sell_price': None, 'category': 'Bandar'}, {'broker': 'ZP', 'net_lot': 2651, 'net_value': 404168400, 'avg_buy_price': 1525, 'avg_sell_price': None, 'category': 'Bandar'}, {'broker': 'YP', 'net_lot': 1909, 'net_value': 290168000, 'avg_buy_price': 1520, 'avg_sell_price': None, 'category': 'Mix'}, {'broker': 'CC', 'net_lot': 889, 'net_value': 132304000, 'avg_buy_price': 1510, 'avg_sell_price': 1520, 'category': 'Mix'}]","[{'broker': 'AK', 'net_lot': 2918, 'net_value': 442922800, 'avg_buy_price': None, 'avg_sell_price': 1518, 'category': 'Bandar'}, {'broker': 'PD', 'net_lot': 2638, 'net_value': 401313200, 'avg_buy_price': None, 'avg_sell_price': 1521, 'category': 'Mix'}, {'broker': 'KK', 'net_lot': 1503, 'net_value': 229658400, 'avg_buy_price': None, 'avg_sell_price': 1528, 'category': 'Bandar'}, {'broker': 'RX', 'net_lot': 1463, 'net_value': 221937100, 'avg_buy_price': None, 'avg_sell_price': 1517, 'category': 'Bandar'}, {'broker': 'NI', 'net_lot': 1403, 'net_value': 212278900, 'avg_buy_price': None, 'avg_sell_price': 1513, 'category': 'Bandar'}]"
GHON,"1. YP: 283 lot (49.98M) [Mix] | Avg Buy: 1,766","1. GR: 243 lot (42.67M) [Bandar] | Avg Sell: 1,756
2. NI: 70 lot (12.19M) [Bandar] | Avg Sell: 1,742",-30,"Buyer: Mix 100%, Seller: Bandar 100% | Avg Buy Price: 1,766 | Avg Sell Price: 1,749",1766.0,,,1749.0,"[{'broker': 'YP', 'net_lot': 283, 'net_value': 49977800, 'avg_buy_price': 1766, 'avg_sell_price': None, 'category': 'Mix'}]","[{'broker': 'GR', 'net_lot': 243, 'net_value': 42670800, 'avg_buy_price': None, 'avg_sell_price': 1756, 'category': 'Bandar'}, {'broker': 'NI', 'net_lot': 70, 'net_value': 12194000, 'avg_buy_price': None, 'avg_sell_price': 1742, 'category': 'Bandar'}]"
EDGE,"1. YP: 380 lot (199.36M) [Mix] | Avg Buy: 5,246
2. XL: 119 lot (62.46M) [Retail] | Avg Buy: 5,249
3. EP: 117 lot (61.06M) [Mix] | Avg Buy: 5,219
4. GR: 70 lot (37.56M) [Bandar] | Avg Buy: 5,366
5. KK: 66 lot (33.96M) [Bandar] | Avg Buy: 5,145","1. OD: 454 lot (229.41M) [Bandar] | Avg Sell: 5,053
2. CC: 280 lot (149.28M) [Mix] | Avg Buy: 5,185 | Avg Sell: 5,292
3. PD: 125 lot (65.35M) [Mix] | Avg Sell: 5,228
4. AG: 22 lot (11.46M) [Bandar] | Avg Sell: 5,208
5. YU: 3 lot (1.59M) [Bandar] | Avg Sell: 5,300",-132,"Buyer: Mix 66%, Seller: Bandar 54% | Avg Buy Price: 5,245 | Avg Sell Price: 5,216",5245.0,,5185.0,5216.2,"[{'broker': 'YP', 'net_lot': 380, 'net_value': 199360400, 'avg_buy_price': 5246, 'avg_sell_price': None, 'category': 'Mix'}, {'broker': 'XL', 'net_lot': 119, 'net_value': 62463100, 'avg_buy_price': 5249, 'avg_sell_price': None, 'category': 'Retail'}, {'broker': 'EP', 'net_lot': 117, 'net_value': 61062300, 'avg_buy_price': 5219, 'avg_sell_price': None, 'category': 'Mix'}, {'broker': 'GR', 'net_lot': 70, 'net_value': 37562000, 'avg_buy_price': 5366, 'avg_sell_price': None, 'category': 'Bandar'}, {'broker': 'KK', 'net_lot': 66, 'net_value': 33959200, 'avg_buy_price': 5145, 'avg_sell_price': None, 'category': 'Bandar'}]","[{'broker': 'OD', 'net_lot': 454, 'net_value': 229411200, 'avg_buy_price': None, 'avg_sell_price': 5053, 'category': 'Bandar'}, {'broker': 'CC', 'net_lot': 280, 'net_value': 149278100, 'avg_buy_price': 5185, 'avg_sell_price': 5292, 'category': 'Mix'}, {'broker': 'PD', 'net_lot': 125, 'net_value': 65348900, 'avg_buy_price': None, 'avg_sell_price': 5228, 'category': 'Mix'}, {'broker': 'AG', 'net_lot': 22, 'net_value': 11457600, 'avg_buy_price': None, 'avg_sell_price': 5208, 'category': 'Bandar'}, {'broker': 'YU', 'net_lot': 3, 'net_value': 1590000, 'avg_buy_price': None, 'avg_sell_price': 5300, 'category': 'Bandar'}]"
ELPI,"1. CC: 4,814 lot (622.14M) [Mix] | Avg Buy: 1,292
2. GR: 4,351 lot (567.54M) [Bandar] | Avg Buy: 1,304
3. ZP: 3,208 lot (400.50M) [Bandar] | Avg Buy: 1,258 | Avg Sell: 1,384
4. KK: 2,298 lot (299.12M) [Bandar] | Avg Buy: 1,302
5. YP: 1,755 lot (238.33M) [Mix] | Avg Buy: 1,358","1. XL: 6,868 lot (885.22M) [Retail] | Avg Sell: 1,289
2. AZ: 6,031 lot (736.39M) [Retail] | Avg Sell: 1,221
3. CP: 3,150 lot (398.66M) [Mix] | Avg Sell: 1,266
4. OD: 1,513 lot (198.20M) [Bandar] | Avg Sell: 1,310
5. AK: 1,162 lot (155.83M) [Bandar] | Avg Sell: 1,341",-2298,"Buyer: Bandar 60%, Seller: Retail 69% | Avg Buy Price: 1,303 | Avg Sell Price: 1,285",1302.8,1384.0,,1285.4,"[{'broker': 'CC', 'net_lot': 4814, 'net_value': 622137000, 'avg_buy_price': 1292, 'avg_sell_price': None, 'category': 'Mix'}, {'broker': 'GR', 'net_lot': 4351, 'net_value': 567536600, 'avg_buy_price': 1304, 'avg_sell_price': None, 'category': 'Bandar'}, {'broker': 'ZP', 'net_lot': 3208, 'net_value': 400504600, 'avg_buy_price': 1258, 'avg_sell_price': 1384, 'category': 'Bandar'}, {'broker': 'KK', 'net_lot': 2298, 'net_value': 299118000, 'avg_buy_price': 1302, 'avg_sell_price': None, 'category': 'Bandar'}, {'broker': 'YP', 'net_lot': 1755, 'net_value': 238329000, 'avg_buy_price': 1358, 'avg_sell_price': None, 'category': 'Mix'}]","[{'broker': 'XL', 'net_lot': 6868, 'net_value': 885223700, 'avg_buy_price': None, 'avg_sell_price': 1289, 'category': 'Retail'}, {'broker': 'AZ', 'net_lot': 6031, 'net_value': 736385100, 'avg_buy_price': None, 'avg_sell_price': 1221, 'category': 'Retail'}, {'broker': 'CP', 'net_lot': 3150, 'net_value': 398660400, 'avg_buy_price': None, 'avg_sell_price': 1266, 'category': 'Mix'}, {'broker': 'OD', 'net_lot': 1513, 'net_value': 198203000, 'avg_buy_price': None, 'avg_sell_price': 1310, 'category': 'Bandar'}, {'broker': 'AK', 'net_lot': 1162, 'net_value': 155826600, 'avg_buy_price': None, 'avg_sell_price': 1341, 'category': 'Bandar'}]"
GRIA,"1. OD: 106,614 lot (1.37B) [Bandar] | Avg Buy: 128
2. AZ: 10,693 lot (137.94M) [Retail] | Avg Buy: 129
3. XC: 6,648 lot (85.76M) [Retail] | Avg Buy: 129
4. XA: 5,136 lot (66.25M) [Bandar] | Avg Buy: 129
5. CP: 3,804 lot (48.69M) [Mix] | Avg Buy: 128","1. BQ: 60,032 lot (768.41M) [Bandar] | Avg Sell: 128
2. HD: 21,172 lot (273.12M) [Bandar] | Avg Sell: 129
3. AG: 19,214 lot (247.86M) [Bandar] | Avg Buy: 129 | Avg Sell: 129
4. AN: 14,146 lot (182.48M) [Bandar] | Avg Buy: 129 | Avg Sell: 129
5. PD: 12,284 lot (158.46M) [Mix] | Avg Sell: 129",6047,"Buyer: Bandar 84%, Seller: Bandar 90% | Avg Buy Price: 129 | Avg Sell Price: 129",128.6,,129.0,128.8,"[{'broker': 'OD', 'net_lot': 106614, 'net_value': 1367650200, 'avg_buy_price': 128, 'avg_sell_price': None, 'category': 'Bandar'}, {'broker': 'AZ', 'net_lot': 10693, 'net_value': 137939700, 'avg_buy_price': 129, 'avg_sell_price': None, 'category': 'Retail'}, {'broker': 'XC', 'net_lot': 6648, 'net_value': 85759200, 'avg_buy_price': 129, 'avg_sell_price': None, 'category': 'Retail'}, {'broker': 'XA', 'net_lot': 5136, 'net_value': 66254400, 'avg_buy_price': 129, 'avg_sell_price': None, 'category': 'Bandar'}, {'broker': 'CP', 'net_lot': 3804, 'net_value': 48691200, 'avg_buy_price': 128, 'avg_sell_price': None, 'category': 'Mix'}]","[{'broker': 'BQ', 'net_lot': 60032, 'net_value': 768409600, 'avg_buy_price': None, 'avg_sell_price': 128, 'category': 'Bandar'}, {'broker': 'HD', 'net_lot': 21172, 'net_value': 273118800, 'avg_buy_price': None, 'avg_sell_price': 129, 'category': 'Bandar'}, {'broker': 'AG', 'net_lot': 19214, 'net_value': 247860600, 'avg_buy_price': 129, 'avg_sell_price': 129, 'category': 'Bandar'}, {'broker': 'AN', 'net_lot': 14146, 'net_value': 182483400, 'avg_buy_price': 129, 'avg_sell_price': 129, 'category': 'Bandar'}, {'broker': 'PD', 'net_lot': 12284, 'net_value': 158463600, 'avg_buy_price': None, 'avg_sell_price': 129, 'category': 'Mix'}]"
CYBR,"1. AK: 6,282 lot (1.07B) [Bandar] | Avg Buy: 1,686 | Avg Sell: 1,655
2. DP: 5,000 lot (831.50M) [Bandar] | Avg Buy: 1,663
3. YP: 1,988 lot (332.63M) [Mix] | Avg Buy: 1,666 | Avg Sell: 1,655
4. ZP: 1,900 lot (309.77M) [Bandar] | Avg Buy: 1,644 | Avg Sell: 1,694
5. NI: 1,688 lot (282.74M) [Bandar] | Avg Buy: 1,675","1. BK: 14,670 lot (2.43B) [Bandar] | Avg Sell: 1,654
2. CC: 1,990 lot (339.57M) [Mix] | Avg Buy: 1,647 | Avg Sell: 1,674
3. TP: 1,259 lot (210.22M) [Bandar] | Avg Sell: 1,670
4. DX: 400 lot (67.52M) [Bandar] | Avg Sell: 1,688
5. AG: 386 lot (63.69M) [Bandar] | Avg Sell: 1,650",-1847,"Buyer: Bandar 88%, Seller: Bandar 89% | Avg Buy Price: 1,667 | Avg Sell Price: 1,667",1666.8,1668.0,1647.0,1667.2,"[{'broker': 'AK', 'net_lot': 6282, 'net_value': 1065125100, 'avg_buy_price': 1686, 'avg_sell_price': 1655, 'category': 'Bandar'}, {'broker': 'DP', 'net_lot': 5000, 'net_value': 831500000, 'avg_buy_price': 1663, 'avg_sell_price': None, 'category': 'Bandar'}, {'broker': 'YP', 'net_lot': 1988, 'net_value': 332631900, 'avg_buy_price': 1666, 'avg_sell_price': 1655, 'category': 'Mix'}, {'broker': 'ZP', 'net_lot': 1900, 'net_value': 309770000, 'avg_buy_price': 1644, 'avg_sell_price': 1694, 'category': 'Bandar'}, {'broker': 'NI', 'net_lot': 1688, 'net_value': 282740000, 'avg_buy_price': 1675, 'avg_sell_price': None, 'category': 'Bandar'}]","[{'broker': 'BK', 'net_lot': 14670, 'net_value': 2427107900, 'avg_buy_price': None, 'avg_sell_price': 1654, 'category': 'Bandar'}, {'broker': 'CC', 'net_lot': 1990, 'net_value': 339570900, 'avg_buy_price': 1647, 'avg_sell_price': 1674, 'category': 'Mix'}, {'broker': 'TP', 'net_lot': 1259, 'net_value': 210222200, 'avg_buy_price': None, 'avg_sell_price': 1670, 'category': 'Bandar'}, {'broker': 'DX', 'net_lot': 400, 'net_value': 67520000, 'avg_buy_price': None, 'avg_sell_price': 1688, 'category': 'Bandar'}, {'broker': 'AG', 'net_lot': 386, 'net_value': 63690000, 'avg_buy_price': None, 'avg_sell_price': 1650, 'category': 'Bandar'}]"
ERAL,"1. CC: 31,275 lot (1.11B) [Mix] | Avg Buy: 355
2. XL: 26,826 lot (949.62M) [Retail] | Avg Buy: 354
3. SQ: 15,557 lot (553.83M) [Bandar] | Avg Buy: 356
4. BK: 12,147 lot (433.65M) [Bandar] | Avg Buy: 357
5. XC: 10,197 lot (360.23M) [Retail] | Avg Buy: 354 | Avg Sell: 359","1. AO: 69,064 lot (2.47B) [Bandar] | Avg Sell: 358
2. PD: 13,651 lot (485.52M) [Mix] | Avg Sell: 356
3. SS: 13,676 lot (484.13M) [Bandar] | Avg Sell: 354
4. AK: 13,092 lot (461.96M) [Bandar] | Avg Sell: 353
5. YU: 5,110 lot (179.57M) [Bandar] | Avg Sell: 351",-18591,"Buyer: Retail 39%, Seller: Bandar 88% | Avg Buy Price: 355 | Avg Sell Price: 354",355.2,359.0,,354.4,"[{'broker': 'CC', 'net_lot': 31275, 'net_value': 1110262500, 'avg_buy_price': 355, 'avg_sell_price': None, 'category': 'Mix'}, {'broker': 'XL', 'net_lot': 26826, 'net_value': 949617600, 'avg_buy_price': 354, 'avg_sell_price': None, 'category': 'Retail'}, {'broker': 'SQ', 'net_lot': 15557, 'net_value': 553829200, 'avg_buy_price': 356, 'avg_sell_price': None, 'category': 'Bandar'}, {'broker': 'BK', 'net_lot': 12147, 'net_value': 433647900, 'avg_buy_price': 357, 'avg_sell_price': None, 'category': 'Bandar'}, {'broker': 'XC', 'net_lot': 10197, 'net_value': 360229800, 'avg_buy_price': 354, 'avg_sell_price': 359, 'category': 'Retail'}]","[{'broker': 'AO', 'net_lot': 69064, 'net_value': 2472491200, 'avg_buy_price': None, 'avg_sell_price': 358, 'category': 'Bandar'}, {'broker': 'PD', 'net_lot': 13651, 'net_value': 485518200, 'avg_buy_price': None, 'avg_sell_price': 356, 'category': 'Mix'}, {'broker': 'SS', 'net_lot': 13676, 'net_value': 484130400, 'avg_buy_price': None, 'avg_sell_price': 354, 'category': 'Bandar'}, {'broker': 'AK', 'net_lot': 13092, 'net_value': 461956000, 'avg_buy_price': None, 'avg_sell_price': 353, 'category': 'Bandar'}, {'broker': 'YU', 'net_lot': 5110, 'net_value': 179567500, 'avg_buy_price': None, 'avg_sell_price': 351, 'category': 'Bandar'}]"
AYLS,"1. SH: 33,000 lot (980.10M) [Bandar] | Avg Buy: 297
2. QA: 20,364 lot (580.62M) [Bandar] | Avg Buy: 285
3. MG: 11,720 lot (338.11M) [Mix] | Avg Buy: 288
4. CC: 3,475 lot (99.62M) [Mix] | Avg Buy: 287
5. YU: 2,470 lot (71.63M) [Bandar] | Avg Buy: 290","1. XL: 28,926 lot (831.31M) [Retail] | Avg Sell: 287
2. LG: 17,525 lot (496.22M) [Bandar] | Avg Sell: 283
3. XC: 6,700 lot (192.83M) [Retail] | Avg Sell: 288
4. YP: 6,510 lot (190.74M) [Mix] | Avg Sell: 293
5. AZ: 5,081 lot (143.79M) [Retail] | Avg Sell: 283",6287,"Buyer: Bandar 79%, Seller: Retail 63% | Avg Buy Price: 289 | Avg Sell Price: 287",289.4,,,286.8,"[{'broker': 'SH', 'net_lot': 33000, 'net_value': 980100000, 'avg_buy_price': 297, 'avg_sell_price': None, 'category': 'Bandar'}, {'broker': 'QA', 'net_lot': 20364, 'net_value': 580619800, 'avg_buy_price': 285, 'avg_sell_price': None, 'category': 'Bandar'}, {'broker': 'MG', 'net_lot': 11720, 'net_value': 338106800, 'avg_buy_price': 288, 'avg_sell_price': None, 'category': 'Mix'}, {'broker': 'CC', 'net_lot': 3475, 'net_value': 99619200, 'avg_buy_price': 287, 'avg_sell_price': None, 'category': 'Mix'}, {'broker': 'YU', 'net_lot': 2470, 'net_value': 71630000, 'avg_buy_price': 290, 'avg_sell_price': None, 'category': 'Bandar'}]","[{'broker': 'XL', 'net_lot': 28926, 'net_value': 831308300, 'avg_buy_price': None, 'avg_sell_price': 287, 'category': 'Retail'}, {'broker': 'LG', 'net_lot': 17525, 'net_value': 496221400, 'avg_buy_price': None, 'avg_sell_price': 283, 'category': 'Bandar'}, {'broker': 'XC', 'net_lot': 6700, 'net_value': 192832400, 'avg_buy_price': None, 'avg_sell_price': 288, 'category': 'Retail'}, {'broker': 'YP', 'net_lot': 6510, 'net_value': 190743000, 'avg_buy_price': None, 'avg_sell_price': 293, 'category': 'Mix'}, {'broker': 'AZ', 'net_lot': 5081, 'net_value': 143792300, 'avg_buy_price': None, 'avg_sell_price': 283, 'category': 'Retail'}]"
KAQI,"1. XL: 43,132 lot (372.09M) [Retail] | Avg Buy: 86 | Avg Sell: 83
2. CC: 33,951 lot (280.75M) [Mix] | Avg Buy: 83 | Avg Sell: 87
3. CP: 22,765 lot (186.67M) [Mix] | Avg Buy: 82
4. EP: 17,475 lot (146.79M) [Mix] | Avg Buy: 84
5. GR: 7,438 lot (71.72M) [Bandar] | Avg Buy: 87 | Avg Sell: 82","1. BR: 68,967 lot (579.32M) [Bandar] | Avg Sell: 84
2. DR: 31,607 lot (278.14M) [Retail] | Avg Sell: 88
3. XA: 28,627 lot (237.60M) [Bandar] | Avg Sell: 83
4. KK: 22,005 lot (192.31M) [Bandar] | Avg Sell: 87
5. HD: 6,500 lot (53.95M) [Bandar] | Avg Sell: 83",-32945,"Buyer: Mix 59%, Seller: Bandar 80% | Avg Buy Price: 84 | Avg Sell Price: 85",84.4,84.0,,85.0,"[{'broker': 'XL', 'net_lot': 43132, 'net_value': 372092000, 'avg_buy_price': 86, 'avg_sell_price': 83, 'category': 'Retail'}, {'broker': 'CC', 'net_lot': 33951, 'net_value': 280749700, 'avg_buy_price': 83, 'avg_sell_price': 87, 'category': 'Mix'}, {'broker': 'CP', 'net_lot': 22765, 'net_value': 186673000, 'avg_buy_price': 82, 'avg_sell_price': None, 'category': 'Mix'}, {'broker': 'EP', 'net_lot': 17475, 'net_value': 146790000, 'avg_buy_price': 84, 'avg_sell_price': None, 'category': 'Mix'}, {'broker': 'GR', 'net_lot': 7438, 'net_value': 71716600, 'avg_buy_price': 87, 'avg_sell_price': 82, 'category': 'Bandar'}]","[{'broker': 'BR', 'net_lot': 68967, 'net_value': 579322800, 'avg_buy_price': None, 'avg_sell_price': 84, 'category': 'Bandar'}, {'broker': 'DR', 'net_lot': 31607, 'net_value': 278141600, 'avg_buy_price': None, 'avg_sell_price': 88, 'category': 'Retail'}, {'broker': 'XA', 'net_lot': 28627, 'net_value': 237604100, 'avg_buy_price': None, 'avg_sell_price': 83, 'category': 'Bandar'}, {'broker': 'KK', 'net_lot': 22005, 'net_value': 192306600, 'avg_buy_price': None, 'avg_sell_price': 87, 'category': 'Bandar'}, {'broker': 'HD', 'net_lot': 6500, 'net_value': 53950000, 'avg_buy_price': None, 'avg_sell_price': 83, 'category': 'Bandar'}]"
AGII,"1. AK: 7,130 lot (1.38B) [Bandar] | Avg Buy: 1,929
2. HP: 4,430 lot (862.81M) [Bandar] | Avg Buy: 1,948
3. BB: 4,370 lot (850.36M) [Mix] | Avg Buy: 1,946
4. KI: 2,883 lot (564.53M) [Bandar] | Avg Buy: 1,958
5. BK: 2,483 lot (472.27M) [Bandar] | Avg Buy: 1,902","1. PD: 6,258 lot (1.23B) [Mix] | Avg Sell: 1,960
2. RF: 5,000 lot (984.50M) [Bandar] | Avg Sell: 1,969
3. XL: 2,591 lot (502.74M) [Retail] | Avg Sell: 1,940
4. BS: 2,377 lot (453.77M) [Mix] | Avg Sell: 1,909
5. IF: 2,367 lot (418.72M) [Mix] | Avg Sell: 1,769",2703,"Buyer: Bandar 79%, Seller: Mix 59% | Avg Buy Price: 1,937 | Avg Sell Price: 1,909",1936.6,,,1909.4,"[{'broker': 'AK', 'net_lot': 7130, 'net_value': 1375072400, 'avg_buy_price': 1929, 'avg_sell_price': None, 'category': 'Bandar'}, {'broker': 'HP', 'net_lot': 4430, 'net_value': 862810600, 'avg_buy_price': 1948, 'avg_sell_price': None, 'category': 'Bandar'}, {'broker': 'BB', 'net_lot': 4370, 'net_value': 850361800, 'avg_buy_price': 1946, 'avg_sell_price': None, 'category': 'Mix'}, {'broker': 'KI', 'net_lot': 2883, 'net_value': 564528900, 'avg_buy_price': 1958, 'avg_sell_price': None, 'category': 'Bandar'}, {'broker': 'BK', 'net_lot': 2483, 'net_value': 472266600, 'avg_buy_price': 1902, 'avg_sell_price': None, 'category': 'Bandar'}]","[{'broker': 'PD', 'net_lot': 6258, 'net_value': 1226489000, 'avg_buy_price': None, 'avg_sell_price': 1960, 'category': 'Mix'}, {'broker': 'RF', 'net_lot': 5000, 'net_value': 984500000, 'avg_buy_price': None, 'avg_sell_price': 1969, 'category': 'Bandar'}, {'broker': 'XL', 'net_lot': 2591, 'net_value': 502740900, 'avg_buy_price': None, 'avg_sell_price': 1940, 'category': 'Retail'}, {'broker': 'BS', 'net_lot': 2377, 'net_value': 453769300, 'avg_buy_price': None, 'avg_sell_price': 1909, 'category': 'Mix'}, {'broker': 'IF', 'net_lot': 2367, 'net_value': 418722300, 'avg_buy_price': None, 'avg_sell_price': 1769, 'category': 'Mix'}]"
CLPI,"1. YB: 322 lot (50.23M) [Retail] | Avg Buy: 1,560
2. KI: 100 lot (15.70M) [Bandar] | Avg Buy: 1,570
3. LG: 35 lot (5.48M) [Bandar] | Avg Buy: 1,565
4. YU: 20 lot (3.12M) [Bandar] | Avg Buy: 1,562","1. CC: 250 lot (38.83M) [Mix] | Avg Sell: 1,553
2. TP: 233 lot (36.46M) [Bandar] | Avg Sell: 1,565
3. SQ: 95 lot (14.87M) [Bandar] | Avg Sell: 1,565
4. KK: 77 lot (12.17M) [Bandar] | Avg Sell: 1,580
5. GR: 75 lot (11.75M) [Bandar] | Avg Sell: 1,567",-253,"Buyer: Retail 68%, Seller: Bandar 66% | Avg Buy Price: 1,564 | Avg Sell Price: 1,566",1564.25,,,1566.0,"[{'broker': 'YB', 'net_lot': 322, 'net_value': 50232000, 'avg_buy_price': 1560, 'avg_sell_price': None, 'category': 'Retail'}, {'broker': 'KI', 'net_lot': 100, 'net_value': 15700000, 'avg_buy_price': 1570, 'avg_sell_price': None, 'category': 'Bandar'}, {'broker': 'LG', 'net_lot': 35, 'net_value': 5477500, 'avg_buy_price': 1565, 'avg_sell_price': None, 'category': 'Bandar'}, {'broker': 'YU', 'net_lot': 20, 'net_value': 3124000, 'avg_buy_price': 1562, 'avg_sell_price': None, 'category': 'Bandar'}]","[{'broker': 'CC', 'net_lot': 250, 'net_value': 38825000, 'avg_buy_price': None, 'avg_sell_price': 1553, 'category': 'Mix'}, {'broker': 'TP', 'net_lot': 233, 'net_value': 36464500, 'avg_buy_price': None, 'avg_sell_price': 1565, 'category': 'Bandar'}, {'broker': 'SQ', 'net_lot': 95, 'net_value': 14867500, 'avg_buy_price': None, 'avg_sell_price': 1565, 'category': 'Bandar'}, {'broker': 'KK', 'net_lot': 77, 'net_value': 12166000, 'avg_buy_price': None, 'avg_sell_price': 1580, 'category': 'Bandar'}, {'broker': 'GR', 'net_lot': 75, 'net_value': 11752500, 'avg_buy_price': None, 'avg_sell_price': 1567, 'category': 'Bandar'}]"
HOPE,"1. XA: 23,779 lot (720.09M) [Bandar] | Avg Buy: 303 | Avg Sell: 306
2. YB: 17,088 lot (500.92M) [Retail] | Avg Buy: 293
3. KK: 12,904 lot (390.13M) [Bandar] | Avg Buy: 302
4. MG: 10,460 lot (317.16M) [Mix] | Avg Buy: 303 | Avg Sell: 301
5. BQ: 9,585 lot (287.55M) [Bandar] | Avg Buy: 300","1. AK: 39,531 lot (1.19B) [Bandar] | Avg Sell: 300
2. ZP: 18,393 lot (550.15M) [Bandar] | Avg Sell: 299
3. TP: 13,401 lot (406.75M) [Bandar] | Avg Buy: 298 | Avg Sell: 303
4. CC: 11,620 lot (349.26M) [Mix] | Avg Sell: 301
5. DH: 8,620 lot (259.72M) [Bandar] | Avg Sell: 301",-17749,"Buyer: Bandar 63%, Seller: Bandar 87% | Avg Buy Price: 300 | Avg Sell Price: 301",300.2,303.5,298.0,300.8,"[{'broker': 'XA', 'net_lot': 23779, 'net_value': 720089400, 'avg_buy_price': 303, 'avg_sell_price': 306, 'category': 'Bandar'}, {'broker': 'YB', 'net_lot': 17088, 'net_value': 500922300, 'avg_buy_price': 293, 'avg_sell_price': None, 'category': 'Retail'}, {'broker': 'KK', 'net_lot': 12904, 'net_value': 390130400, 'avg_buy_price': 302, 'avg_sell_price': None, 'category': 'Bandar'}, {'broker': 'MG', 'net_lot': 10460, 'net_value': 317163000, 'avg_buy_price': 303, 'avg_sell_price': 301, 'category': 'Mix'}, {'broker': 'BQ', 'net_lot': 9585, 'net_value': 287550000, 'avg_buy_price': 300, 'avg_sell_price': None, 'category': 'Bandar'}]","[{'broker': 'AK', 'net_lot': 39531, 'net_value': 1187100900, 'avg_buy_price': None, 'avg_sell_price': 300, 'category': 'Bandar'}, {'broker': 'ZP', 'net_lot': 18393, 'net_value': 550154700, 'avg_buy_price': None, 'avg_sell_price': 299, 'category': 'Bandar'}, {'broker': 'TP', 'net_lot': 13401, 'net_value': 406746300, 'avg_buy_price': 298, 'avg_sell_price': 303, 'category': 'Bandar'}, {'broker': 'CC', 'net_lot': 11620, 'net_value': 349261100, 'avg_buy_price': None, 'avg_sell_price': 301, 'category': 'Mix'}, {'broker': 'DH', 'net_lot': 8620, 'net_value': 259719400, 'avg_buy_price': None, 'avg_sell_price': 301, 'category': 'Bandar'}]"
GULA,"1. XL: 67,878 lot (2.73B) [Retail] | Avg Buy: 402
2. XA: 19,727 lot (792.21M) [Bandar] | Avg Buy: 402
3. BR: 14,000 lot (558.60M) [Bandar] | Avg Buy: 399
4. PD: 11,442 lot (468.52M) [Mix] | Avg Buy: 407 | Avg Sell: 393
5. AO: 11,335 lot (447.91M) [Bandar] | Avg Buy: 402 | Avg Sell: 404","1. CP: 78,640 lot (3.22B) [Mix] | Avg Buy: 394 | Avg Sell: 408
2. AG: 19,681 lot (783.30M) [Bandar] | Avg Sell: 398
3. MG: 19,553 lot (782.15M) [Mix] | Avg Sell: 400
4. CC: 15,519 lot (632.83M) [Mix] | Avg Sell: 408
5. TP: 10,472 lot (426.13M) [Bandar] | Avg Sell: 407",-19483,"Buyer: Retail 55%, Seller: Mix 79% | Avg Buy Price: 402 | Avg Sell Price: 404",402.4,398.5,394.0,404.2,"[{'broker': 'XL', 'net_lot': 67878, 'net_value': 2727906100, 'avg_buy_price': 402, 'avg_sell_price': None, 'category': 'Retail'}, {'broker': 'XA', 'net_lot': 19727, 'net_value': 792208900, 'avg_buy_price': 402, 'avg_sell_price': None, 'category': 'Bandar'}, {'broker': 'BR', 'net_lot': 14000, 'net_value': 558600000, 'avg_buy_price': 399, 'avg_sell_price': None, 'category': 'Bandar'}, {'broker': 'PD', 'net_lot': 11442, 'net_value': 468521600, 'avg_buy_price': 407, 'avg_sell_price': 393, 'category': 'Mix'}, {'broker': 'AO', 'net_lot': 11335, 'net_value': 447914000, 'avg_buy_price': 402, 'avg_sell_price': 404, 'category': 'Bandar'}]","[{'broker': 'CP', 'net_lot': 78640, 'net_value': 3218998000, 'avg_buy_price': 394, 'avg_sell_price': 408, 'category': 'Mix'}, {'broker': 'AG', 'net_lot': 19681, 'net_value': 783303800, 'avg_buy_price': None, 'avg_sell_price': 398, 'category': 'Bandar'}, {'broker': 'MG', 'net_lot': 19553, 'net_value': 782152400, 'avg_buy_price': None, 'avg_sell_price': 400, 'category': 'Mix'}, {'broker': 'CC', 'net_lot': 15519, 'net_value': 632828000, 'avg_buy_price': None, 'avg_sell_price': 408, 'category': 'Mix'}, {'broker': 'TP', 'net_lot': 10472, 'net_value': 426134800, 'avg_buy_price': None, 'avg_sell_price': 407, 'category': 'Bandar'}]"
INDS,"1. XL: 54,692 lot (4.72B) [Retail] | Avg Buy: 863
2. XA: 13,976 lot (1.23B) [Bandar] | Avg Buy: 879
3. XC: 6,102 lot (535.35M) [Retail] | Avg Buy: 877
4. CP: 5,354 lot (452.82M) [Mix] | Avg Buy: 846
5. KK: 2,243 lot (196.60M) [Bandar] | Avg Buy: 876","1. DH: 33,263 lot (2.93B) [Bandar] | Avg Sell: 880
2. AZ: 15,247 lot (1.35B) [Retail] | Avg Sell: 888
3. AI: 10,000 lot (815.00M) [Bandar] | Avg Sell: 815
4. NI: 7,915 lot (660.07M) [Bandar] | Avg Sell: 834
5. DR: 5,580 lot (499.41M) [Retail] | Avg Sell: 895",10362,"Buyer: Retail 74%, Seller: Bandar 71% | Avg Buy Price: 868 | Avg Sell Price: 862",868.2,,,862.4,"[{'broker': 'XL', 'net_lot': 54692, 'net_value': 4720206000, 'avg_buy_price': 863, 'avg_sell_price': None, 'category': 'Retail'}, {'broker': 'XA', 'net_lot': 13976, 'net_value': 1228724000, 'avg_buy_price': 879, 'avg_sell_price': None, 'category': 'Bandar'}, {'broker': 'XC', 'net_lot': 6102, 'net_value': 535353000, 'avg_buy_price': 877, 'avg_sell_price': None, 'category': 'Retail'}, {'broker': 'CP', 'net_lot': 5354, 'net_value': 452823000, 'avg_buy_price': 846, 'avg_sell_price': None, 'category': 'Mix'}, {'broker': 'KK', 'net_lot': 2243, 'net_value': 196596500, 'avg_buy_price': 876, 'avg_sell_price': None, 'category': 'Bandar'}]","[{'broker': 'DH', 'net_lot': 33263, 'net_value': 2926870500, 'avg_buy_price': None, 'avg_sell_price': 880, 'category': 'Bandar'}, {'broker': 'AZ', 'net_lot': 15247, 'net_value': 1354486500, 'avg_buy_price': None, 'avg_sell_price': 888, 'category': 'Retail'}, {'broker': 'AI', 'net_lot': 10000, 'net_value': 815000000, 'avg_buy_price': None, 'avg_sell_price': 815, 'category': 'Bandar'}, {'broker': 'NI', 'net_lot': 7915, 'net_value': 660072500, 'avg_buy_price': None, 'avg_sell_price': 834, 'category': 'Bandar'}, {'broker': 'DR', 'net_lot': 5580, 'net_value': 499410000, 'avg_buy_price': None, 'avg_sell_price': 895, 'category': 'Retail'}]"
