stock,top5_buyers,top5_sellers,net_volume,daily_summary,avg_buy_price_buyers,avg_sell_price_buyers,avg_buy_price_sellers,avg_sell_price_sellers,buyers_detail,sellers_detail
DSFI,"1. KK: 66,094 lot (766.69M) [Bandar] | Avg Buy: 116
2. XL: 57,350 lot (659.52M) [Retail] | Avg Buy: 115
3. YP: 39,873 lot (458.54M) [Mix] | Avg Buy: 115
4. PD: 9,046 lot (104.93M) [Mix] | Avg Buy: 116
5. EP: 4,218 lot (47.66M) [Mix] | Avg Buy: 113","1. CC: 124,342 lot (1.44B) [Mix] | Avg Sell: 116
2. ES: 26,208 lot (304.01M) [Mix] | Avg Sell: 116
3. XC: 16,866 lot (193.96M) [Retail] | Avg Sell: 115
4. NI: 7,350 lot (82.32M) [Bandar] | Avg Sell: 112
5. BK: 5,620 lot (62.38M) [Bandar] | Avg Sell: 111",-3805,"Buyer: Bandar 37%, Seller: Mix 83% | Avg Buy Price: 115 | Avg Sell Price: 114",115.0,,,114.0,"[{'broker': 'KK', 'net_lot': 66094, 'net_value': 766690400, 'avg_buy_price': 116, 'avg_sell_price': None, 'category': 'Bandar'}, {'broker': 'XL', 'net_lot': 57350, 'net_value': 659525000, 'avg_buy_price': 115, 'avg_sell_price': None, 'category': 'Retail'}, {'broker': 'YP', 'net_lot': 39873, 'net_value': 458539500, 'avg_buy_price': 115, 'avg_sell_price': None, 'category': 'Mix'}, {'broker': 'PD', 'net_lot': 9046, 'net_value': 104933600, 'avg_buy_price': 116, 'avg_sell_price': None, 'category': 'Mix'}, {'broker': 'EP', 'net_lot': 4218, 'net_value': 47663400, 'avg_buy_price': 113, 'avg_sell_price': None, 'category': 'Mix'}]","[{'broker': 'CC', 'net_lot': 124342, 'net_value': 1442367200, 'avg_buy_price': None, 'avg_sell_price': 116, 'category': 'Mix'}, {'broker': 'ES', 'net_lot': 26208, 'net_value': 304012800, 'avg_buy_price': None, 'avg_sell_price': 116, 'category': 'Mix'}, {'broker': 'XC', 'net_lot': 16866, 'net_value': 193959000, 'avg_buy_price': None, 'avg_sell_price': 115, 'category': 'Retail'}, {'broker': 'NI', 'net_lot': 7350, 'net_value': 82320000, 'avg_buy_price': None, 'avg_sell_price': 112, 'category': 'Bandar'}, {'broker': 'BK', 'net_lot': 5620, 'net_value': 62382000, 'avg_buy_price': None, 'avg_sell_price': 111, 'category': 'Bandar'}]"
ESTI,"1. PD: 3,697 lot (75.42M) [Mix] | Avg Buy: 204
2. YP: 2,998 lot (59.96M) [Mix] | Avg Buy: 200
3. DH: 1,918 lot (38.36M) [Bandar] | Avg Buy: 200
4. GR: 1,152 lot (22.81M) [Bandar] | Avg Buy: 198
5. YJ: 1,100 lot (22.44M) [Retail] | Avg Buy: 204","1. XL: 3,852 lot (77.04M) [Retail] | Avg Sell: 200
2. XC: 3,378 lot (67.90M) [Retail] | Avg Sell: 201
3. OD: 3,273 lot (64.48M) [Bandar] | Avg Sell: 197
4. CP: 554 lot (11.02M) [Mix] | Avg Sell: 199
5. DX: 560 lot (10.98M) [Bandar] | Avg Sell: 196",-752,"Buyer: Mix 62%, Seller: Retail 62% | Avg Buy Price: 201 | Avg Sell Price: 199",201.2,,,198.6,"[{'broker': 'PD', 'net_lot': 3697, 'net_value': 75418800, 'avg_buy_price': 204, 'avg_sell_price': None, 'category': 'Mix'}, {'broker': 'YP', 'net_lot': 2998, 'net_value': 59960000, 'avg_buy_price': 200, 'avg_sell_price': None, 'category': 'Mix'}, {'broker': 'DH', 'net_lot': 1918, 'net_value': 38360000, 'avg_buy_price': 200, 'avg_sell_price': None, 'category': 'Bandar'}, {'broker': 'GR', 'net_lot': 1152, 'net_value': 22809600, 'avg_buy_price': 198, 'avg_sell_price': None, 'category': 'Bandar'}, {'broker': 'YJ', 'net_lot': 1100, 'net_value': 22440000, 'avg_buy_price': 204, 'avg_sell_price': None, 'category': 'Retail'}]","[{'broker': 'XL', 'net_lot': 3852, 'net_value': 77040000, 'avg_buy_price': None, 'avg_sell_price': 200, 'category': 'Retail'}, {'broker': 'XC', 'net_lot': 3378, 'net_value': 67897800, 'avg_buy_price': None, 'avg_sell_price': 201, 'category': 'Retail'}, {'broker': 'OD', 'net_lot': 3273, 'net_value': 64478100, 'avg_buy_price': None, 'avg_sell_price': 197, 'category': 'Bandar'}, {'broker': 'CP', 'net_lot': 554, 'net_value': 11024600, 'avg_buy_price': None, 'avg_sell_price': 199, 'category': 'Mix'}, {'broker': 'DX', 'net_lot': 560, 'net_value': 10976000, 'avg_buy_price': None, 'avg_sell_price': 196, 'category': 'Bandar'}]"
GGRM,"1. RX: 4,569 lot (7.73B) [Bandar] | Avg Buy: 16,925
2. BK: 919 lot (1.55B) [Bandar] | Avg Buy: 16,902
3. DP: 450 lot (762.57M) [Bandar] | Avg Buy: 16,946
4. YP: 248 lot (418.30M) [Mix] | Avg Buy: 16,867
5. ZP: 239 lot (405.87M) [Bandar] | Avg Buy: 16,982","1. XC: 1,540 lot (2.61B) [Retail] | Avg Sell: 16,920
2. MG: 1,540 lot (2.60B) [Mix] | Avg Sell: 16,888
3. CC: 1,312 lot (2.23B) [Mix] | Avg Sell: 16,972
4. AK: 487 lot (823.32M) [Bandar] | Avg Sell: 16,906
5. XL: 384 lot (650.65M) [Retail] | Avg Sell: 16,944",1162,"Buyer: Bandar 96%, Seller: Mix 54% | Avg Buy Price: 16,924 | Avg Sell Price: 16,926",16924.4,,,16926.0,"[{'broker': 'RX', 'net_lot': 4569, 'net_value': 7733032500, 'avg_buy_price': 16925, 'avg_sell_price': None, 'category': 'Bandar'}, {'broker': 'BK', 'net_lot': 919, 'net_value': 1553293800, 'avg_buy_price': 16902, 'avg_sell_price': None, 'category': 'Bandar'}, {'broker': 'DP', 'net_lot': 450, 'net_value': 762570000, 'avg_buy_price': 16946, 'avg_sell_price': None, 'category': 'Bandar'}, {'broker': 'YP', 'net_lot': 248, 'net_value': 418301600, 'avg_buy_price': 16867, 'avg_sell_price': None, 'category': 'Mix'}, {'broker': 'ZP', 'net_lot': 239, 'net_value': 405869800, 'avg_buy_price': 16982, 'avg_sell_price': None, 'category': 'Bandar'}]","[{'broker': 'XC', 'net_lot': 1540, 'net_value': 2605680000, 'avg_buy_price': None, 'avg_sell_price': 16920, 'category': 'Retail'}, {'broker': 'MG', 'net_lot': 1540, 'net_value': 2600752000, 'avg_buy_price': None, 'avg_sell_price': 16888, 'category': 'Mix'}, {'broker': 'CC', 'net_lot': 1312, 'net_value': 2226726400, 'avg_buy_price': None, 'avg_sell_price': 16972, 'category': 'Mix'}, {'broker': 'AK', 'net_lot': 487, 'net_value': 823322200, 'avg_buy_price': None, 'avg_sell_price': 16906, 'category': 'Bandar'}, {'broker': 'XL', 'net_lot': 384, 'net_value': 650649600, 'avg_buy_price': None, 'avg_sell_price': 16944, 'category': 'Retail'}]"
HMSP,"1. ZP: 121,518 lot (10.66B) [Bandar] | Avg Buy: 877
2. CC: 29,250 lot (2.59B) [Mix] | Avg Buy: 887
3. NI: 12,143 lot (1.07B) [Bandar] | Avg Buy: 880
4. EP: 9,319 lot (823.80M) [Mix] | Avg Buy: 884
5. DP: 8,650 lot (766.39M) [Bandar] | Avg Buy: 886","1. PD: 35,685 lot (3.14B) [Mix] | Avg Sell: 881
2. AK: 31,082 lot (2.74B) [Bandar] | Avg Sell: 880
3. DR: 29,307 lot (2.58B) [Retail] | Avg Sell: 880
4. OD: 22,105 lot (1.96B) [Bandar] | Avg Sell: 886
5. KK: 19,348 lot (1.72B) [Bandar] | Avg Sell: 889",43353,"Buyer: Bandar 79%, Seller: Bandar 53% | Avg Buy Price: 883 | Avg Sell Price: 883",882.8,,,883.2,"[{'broker': 'ZP', 'net_lot': 121518, 'net_value': 10657128600, 'avg_buy_price': 877, 'avg_sell_price': None, 'category': 'Bandar'}, {'broker': 'CC', 'net_lot': 29250, 'net_value': 2594475000, 'avg_buy_price': 887, 'avg_sell_price': None, 'category': 'Mix'}, {'broker': 'NI', 'net_lot': 12143, 'net_value': 1068584000, 'avg_buy_price': 880, 'avg_sell_price': None, 'category': 'Bandar'}, {'broker': 'EP', 'net_lot': 9319, 'net_value': 823799600, 'avg_buy_price': 884, 'avg_sell_price': None, 'category': 'Mix'}, {'broker': 'DP', 'net_lot': 8650, 'net_value': 766390000, 'avg_buy_price': 886, 'avg_sell_price': None, 'category': 'Bandar'}]","[{'broker': 'PD', 'net_lot': 35685, 'net_value': 3143848500, 'avg_buy_price': None, 'avg_sell_price': 881, 'category': 'Mix'}, {'broker': 'AK', 'net_lot': 31082, 'net_value': 2735216000, 'avg_buy_price': None, 'avg_sell_price': 880, 'category': 'Bandar'}, {'broker': 'DR', 'net_lot': 29307, 'net_value': 2579016000, 'avg_buy_price': None, 'avg_sell_price': 880, 'category': 'Retail'}, {'broker': 'OD', 'net_lot': 22105, 'net_value': 1958503000, 'avg_buy_price': None, 'avg_sell_price': 886, 'category': 'Bandar'}, {'broker': 'KK', 'net_lot': 19348, 'net_value': 1720037200, 'avg_buy_price': None, 'avg_sell_price': 889, 'category': 'Bandar'}]"
INCO,"1. CC: 21,281 lot (13.64B) [Mix] | Avg Buy: 6,411
2. BB: 17,641 lot (11.31B) [Mix] | Avg Buy: 6,414
3. YU: 15,223 lot (9.75B) [Bandar] | Avg Buy: 6,405
4. XL: 13,061 lot (8.42B) [Retail] | Avg Buy: 6,449
5. YP: 8,832 lot (5.68B) [Mix] | Avg Buy: 6,432","1. AK: 41,542 lot (26.77B) [Bandar] | Avg Sell: 6,444
2. BK: 31,085 lot (19.92B) [Bandar] | Avg Sell: 6,408
3. ZP: 13,455 lot (8.63B) [Bandar] | Avg Sell: 6,413
4. DR: 11,151 lot (7.05B) [Retail] | Avg Sell: 6,323
5. KZ: 2,123 lot (1.35B) [Mix] | Avg Sell: 6,346",-23318,"Buyer: Mix 63%, Seller: Bandar 87% | Avg Buy Price: 6,422 | Avg Sell Price: 6,387",6422.2,,,6386.8,"[{'broker': 'CC', 'net_lot': 21281, 'net_value': 13643249100, 'avg_buy_price': 6411, 'avg_sell_price': None, 'category': 'Mix'}, {'broker': 'BB', 'net_lot': 17641, 'net_value': 11314937400, 'avg_buy_price': 6414, 'avg_sell_price': None, 'category': 'Mix'}, {'broker': 'YU', 'net_lot': 15223, 'net_value': 9750331500, 'avg_buy_price': 6405, 'avg_sell_price': None, 'category': 'Bandar'}, {'broker': 'XL', 'net_lot': 13061, 'net_value': 8423038900, 'avg_buy_price': 6449, 'avg_sell_price': None, 'category': 'Retail'}, {'broker': 'YP', 'net_lot': 8832, 'net_value': 5680742400, 'avg_buy_price': 6432, 'avg_sell_price': None, 'category': 'Mix'}]","[{'broker': 'AK', 'net_lot': 41542, 'net_value': 26769664800, 'avg_buy_price': None, 'avg_sell_price': 6444, 'category': 'Bandar'}, {'broker': 'BK', 'net_lot': 31085, 'net_value': 19919268000, 'avg_buy_price': None, 'avg_sell_price': 6408, 'category': 'Bandar'}, {'broker': 'ZP', 'net_lot': 13455, 'net_value': 8628691500, 'avg_buy_price': None, 'avg_sell_price': 6413, 'category': 'Bandar'}, {'broker': 'DR', 'net_lot': 11151, 'net_value': 7050777300, 'avg_buy_price': None, 'avg_sell_price': 6323, 'category': 'Retail'}, {'broker': 'KZ', 'net_lot': 2123, 'net_value': 1347255800, 'avg_buy_price': None, 'avg_sell_price': 6346, 'category': 'Mix'}]"
INDS,"1. XL: 18,231 lot (1.79B) [Retail] | Avg Buy: 980
2. XC: 7,120 lot (697.76M) [Retail] | Avg Buy: 980
3. CC: 4,000 lot (392.00M) [Mix] | Avg Buy: 980
4. OD: 1,437 lot (140.83M) [Bandar] | Avg Buy: 980
5. PD: 1,237 lot (121.23M) [Mix] | Avg Buy: 980","1. AZ: 19,946 lot (1.95B) [Retail] | Avg Sell: 980
2. DP: 11,000 lot (1.08B) [Bandar] | Avg Sell: 980
3. ZP: 1,905 lot (186.69M) [Bandar] | Avg Sell: 980
4. NI: 1,434 lot (140.53M) [Bandar] | Avg Sell: 980
5. MG: 1,230 lot (120.54M) [Mix] | Avg Sell: 980",-3490,"Buyer: Retail 79%, Seller: Retail 56% | Avg Buy Price: 980 | Avg Sell Price: 980",980.0,,,980.0,"[{'broker': 'XL', 'net_lot': 18231, 'net_value': 1786638000, 'avg_buy_price': 980, 'avg_sell_price': None, 'category': 'Retail'}, {'broker': 'XC', 'net_lot': 7120, 'net_value': 697760000, 'avg_buy_price': 980, 'avg_sell_price': None, 'category': 'Retail'}, {'broker': 'CC', 'net_lot': 4000, 'net_value': 392000000, 'avg_buy_price': 980, 'avg_sell_price': None, 'category': 'Mix'}, {'broker': 'OD', 'net_lot': 1437, 'net_value': 140826000, 'avg_buy_price': 980, 'avg_sell_price': None, 'category': 'Bandar'}, {'broker': 'PD', 'net_lot': 1237, 'net_value': 121226000, 'avg_buy_price': 980, 'avg_sell_price': None, 'category': 'Mix'}]","[{'broker': 'AZ', 'net_lot': 19946, 'net_value': 1954708000, 'avg_buy_price': None, 'avg_sell_price': 980, 'category': 'Retail'}, {'broker': 'DP', 'net_lot': 11000, 'net_value': 1078000000, 'avg_buy_price': None, 'avg_sell_price': 980, 'category': 'Bandar'}, {'broker': 'ZP', 'net_lot': 1905, 'net_value': 186690000, 'avg_buy_price': None, 'avg_sell_price': 980, 'category': 'Bandar'}, {'broker': 'NI', 'net_lot': 1434, 'net_value': 140532000, 'avg_buy_price': None, 'avg_sell_price': 980, 'category': 'Bandar'}, {'broker': 'MG', 'net_lot': 1230, 'net_value': 120540000, 'avg_buy_price': None, 'avg_sell_price': 980, 'category': 'Mix'}]"
INDY,"1. PD: 25,516 lot (8.46B) [Mix] | Avg Buy: 3,317
2. ZP: 13,586 lot (4.57B) [Bandar] | Avg Buy: 3,363
3. BK: 11,617 lot (3.92B) [Bandar] | Avg Buy: 3,371
4. AI: 9,969 lot (3.32B) [Bandar] | Avg Buy: 3,326
5. DX: 7,494 lot (2.47B) [Bandar] | Avg Buy: 3,299","1. AK: 46,800 lot (15.76B) [Bandar] | Avg Sell: 3,367
2. CC: 17,877 lot (5.98B) [Mix] | Avg Sell: 3,345
3. NI: 8,368 lot (2.81B) [Bandar] | Avg Sell: 3,360
4. YU: 5,864 lot (1.96B) [Bandar] | Avg Sell: 3,346
5. RF: 3,000 lot (1.01B) [Bandar] | Avg Sell: 3,368",-13727,"Buyer: Bandar 63%, Seller: Bandar 78% | Avg Buy Price: 3,335 | Avg Sell Price: 3,357",3335.2,,,3357.2,"[{'broker': 'PD', 'net_lot': 25516, 'net_value': 8463657200, 'avg_buy_price': 3317, 'avg_sell_price': None, 'category': 'Mix'}, {'broker': 'ZP', 'net_lot': 13586, 'net_value': 4568971800, 'avg_buy_price': 3363, 'avg_sell_price': None, 'category': 'Bandar'}, {'broker': 'BK', 'net_lot': 11617, 'net_value': 3916090700, 'avg_buy_price': 3371, 'avg_sell_price': None, 'category': 'Bandar'}, {'broker': 'AI', 'net_lot': 9969, 'net_value': 3315689400, 'avg_buy_price': 3326, 'avg_sell_price': None, 'category': 'Bandar'}, {'broker': 'DX', 'net_lot': 7494, 'net_value': 2472270600, 'avg_buy_price': 3299, 'avg_sell_price': None, 'category': 'Bandar'}]","[{'broker': 'AK', 'net_lot': 46800, 'net_value': 15757560000, 'avg_buy_price': None, 'avg_sell_price': 3367, 'category': 'Bandar'}, {'broker': 'CC', 'net_lot': 17877, 'net_value': 5979856500, 'avg_buy_price': None, 'avg_sell_price': 3345, 'category': 'Mix'}, {'broker': 'NI', 'net_lot': 8368, 'net_value': 2811648000, 'avg_buy_price': None, 'avg_sell_price': 3360, 'category': 'Bandar'}, {'broker': 'YU', 'net_lot': 5864, 'net_value': 1962094400, 'avg_buy_price': None, 'avg_sell_price': 3346, 'category': 'Bandar'}, {'broker': 'RF', 'net_lot': 3000, 'net_value': 1010400000, 'avg_buy_price': None, 'avg_sell_price': 3368, 'category': 'Bandar'}]"
ITMA,"1. BR: 20,000 lot (4.22B) [Bandar] | Avg Buy: 2,110
2. CC: 1,366 lot (290.27M) [Mix] | Avg Buy: 2,125
3. YP: 218 lot (46.00M) [Mix] | Avg Buy: 2,110
4. AG: 150 lot (31.50M) [Bandar] | Avg Buy: 2,100
5. BK: 146 lot (31.33M) [Bandar] | Avg Buy: 2,146","1. II: 20,000 lot (4.22B) [Mix] | Avg Sell: 2,110
2. ZP: 774 lot (166.80M) [Bandar] | Avg Sell: 2,155
3. MG: 700 lot (145.25M) [Mix] | Avg Sell: 2,075
4. XL: 211 lot (44.75M) [Retail] | Avg Sell: 2,121
5. XC: 154 lot (32.85M) [Retail] | Avg Sell: 2,133",41,"Buyer: Bandar 93%, Seller: Mix 95% | Avg Buy Price: 2,118 | Avg Sell Price: 2,119",2118.2,,,2118.8,"[{'broker': 'BR', 'net_lot': 20000, 'net_value': 4220000000, 'avg_buy_price': 2110, 'avg_sell_price': None, 'category': 'Bandar'}, {'broker': 'CC', 'net_lot': 1366, 'net_value': 290275000, 'avg_buy_price': 2125, 'avg_sell_price': None, 'category': 'Mix'}, {'broker': 'YP', 'net_lot': 218, 'net_value': 45998000, 'avg_buy_price': 2110, 'avg_sell_price': None, 'category': 'Mix'}, {'broker': 'AG', 'net_lot': 150, 'net_value': 31500000, 'avg_buy_price': 2100, 'avg_sell_price': None, 'category': 'Bandar'}, {'broker': 'BK', 'net_lot': 146, 'net_value': 31331600, 'avg_buy_price': 2146, 'avg_sell_price': None, 'category': 'Bandar'}]","[{'broker': 'II', 'net_lot': 20000, 'net_value': 4220000000, 'avg_buy_price': None, 'avg_sell_price': 2110, 'category': 'Mix'}, {'broker': 'ZP', 'net_lot': 774, 'net_value': 166797000, 'avg_buy_price': None, 'avg_sell_price': 2155, 'category': 'Bandar'}, {'broker': 'MG', 'net_lot': 700, 'net_value': 145250000, 'avg_buy_price': None, 'avg_sell_price': 2075, 'category': 'Mix'}, {'broker': 'XL', 'net_lot': 211, 'net_value': 44753100, 'avg_buy_price': None, 'avg_sell_price': 2121, 'category': 'Retail'}, {'broker': 'XC', 'net_lot': 154, 'net_value': 32848200, 'avg_buy_price': None, 'avg_sell_price': 2133, 'category': 'Retail'}]"
JSMR,"1. AK: 17,414 lot (6.58B) [Bandar] | Avg Buy: 3,780
2. BK: 8,755 lot (3.31B) [Bandar] | Avg Buy: 3,778
3. RF: 7,558 lot (2.85B) [Bandar] | Avg Buy: 3,769
4. XL: 1,849 lot (697.44M) [Retail] | Avg Buy: 3,772
5. ZP: 1,727 lot (652.12M) [Bandar] | Avg Buy: 3,776","1. CC: 6,612 lot (2.50B) [Mix] | Avg Sell: 3,774
2. AO: 5,567 lot (2.10B) [Bandar] | Avg Sell: 3,778
3. KK: 5,320 lot (2.01B) [Bandar] | Avg Sell: 3,787
4. YP: 4,603 lot (1.73B) [Mix] | Avg Sell: 3,769
5. OD: 3,475 lot (1.31B) [Bandar] | Avg Sell: 3,777",11726,"Buyer: Bandar 95%, Seller: Bandar 56% | Avg Buy Price: 3,775 | Avg Sell Price: 3,777",3775.0,,,3777.0,"[{'broker': 'AK', 'net_lot': 17414, 'net_value': 6582492000, 'avg_buy_price': 3780, 'avg_sell_price': None, 'category': 'Bandar'}, {'broker': 'BK', 'net_lot': 8755, 'net_value': 3307639000, 'avg_buy_price': 3778, 'avg_sell_price': None, 'category': 'Bandar'}, {'broker': 'RF', 'net_lot': 7558, 'net_value': 2848610200, 'avg_buy_price': 3769, 'avg_sell_price': None, 'category': 'Bandar'}, {'broker': 'XL', 'net_lot': 1849, 'net_value': 697442800, 'avg_buy_price': 3772, 'avg_sell_price': None, 'category': 'Retail'}, {'broker': 'ZP', 'net_lot': 1727, 'net_value': 652115200, 'avg_buy_price': 3776, 'avg_sell_price': None, 'category': 'Bandar'}]","[{'broker': 'CC', 'net_lot': 6612, 'net_value': 2495368800, 'avg_buy_price': None, 'avg_sell_price': 3774, 'category': 'Mix'}, {'broker': 'AO', 'net_lot': 5567, 'net_value': 2103212600, 'avg_buy_price': None, 'avg_sell_price': 3778, 'category': 'Bandar'}, {'broker': 'KK', 'net_lot': 5320, 'net_value': 2014684000, 'avg_buy_price': None, 'avg_sell_price': 3787, 'category': 'Bandar'}, {'broker': 'YP', 'net_lot': 4603, 'net_value': 1734870700, 'avg_buy_price': None, 'avg_sell_price': 3769, 'category': 'Mix'}, {'broker': 'OD', 'net_lot': 3475, 'net_value': 1312507500, 'avg_buy_price': None, 'avg_sell_price': 3777, 'category': 'Bandar'}]"
LPCK,"1. LG: 2,794 lot (220.45M) [Bandar] | Avg Buy: 789
2. CC: 1,583 lot (125.85M) [Mix] | Avg Buy: 795
3. AK: 1,544 lot (122.75M) [Bandar] | Avg Buy: 795
4. NI: 1,281 lot (100.81M) [Bandar] | Avg Buy: 787
5. HD: 793 lot (62.81M) [Bandar] | Avg Buy: 792","1. XL: 3,046 lot (241.85M) [Retail] | Avg Sell: 794
2. SQ: 2,195 lot (173.41M) [Bandar] | Avg Sell: 790
3. FS: 1,990 lot (156.22M) [Bandar] | Avg Sell: 785
4. DR: 1,502 lot (118.66M) [Retail] | Avg Sell: 790
5. AZ: 934 lot (74.25M) [Retail] | Avg Sell: 795",-1672,"Buyer: Bandar 80%, Seller: Retail 57% | Avg Buy Price: 792 | Avg Sell Price: 791",791.6,,,790.8,"[{'broker': 'LG', 'net_lot': 2794, 'net_value': 220446600, 'avg_buy_price': 789, 'avg_sell_price': None, 'category': 'Bandar'}, {'broker': 'CC', 'net_lot': 1583, 'net_value': 125848500, 'avg_buy_price': 795, 'avg_sell_price': None, 'category': 'Mix'}, {'broker': 'AK', 'net_lot': 1544, 'net_value': 122748000, 'avg_buy_price': 795, 'avg_sell_price': None, 'category': 'Bandar'}, {'broker': 'NI', 'net_lot': 1281, 'net_value': 100814700, 'avg_buy_price': 787, 'avg_sell_price': None, 'category': 'Bandar'}, {'broker': 'HD', 'net_lot': 793, 'net_value': 62805600, 'avg_buy_price': 792, 'avg_sell_price': None, 'category': 'Bandar'}]","[{'broker': 'XL', 'net_lot': 3046, 'net_value': 241852400, 'avg_buy_price': None, 'avg_sell_price': 794, 'category': 'Retail'}, {'broker': 'SQ', 'net_lot': 2195, 'net_value': 173405000, 'avg_buy_price': None, 'avg_sell_price': 790, 'category': 'Bandar'}, {'broker': 'FS', 'net_lot': 1990, 'net_value': 156215000, 'avg_buy_price': None, 'avg_sell_price': 785, 'category': 'Bandar'}, {'broker': 'DR', 'net_lot': 1502, 'net_value': 118658000, 'avg_buy_price': None, 'avg_sell_price': 790, 'category': 'Retail'}, {'broker': 'AZ', 'net_lot': 934, 'net_value': 74253000, 'avg_buy_price': None, 'avg_sell_price': 795, 'category': 'Retail'}]"
LPPF,"1. AK: 6,303 lot (1.20B) [Bandar] | Avg Buy: 1,902
2. BK: 2,476 lot (472.67M) [Bandar] | Avg Buy: 1,909
3. GR: 2,226 lot (424.72M) [Bandar] | Avg Buy: 1,908
4. YP: 1,511 lot (289.21M) [Mix] | Avg Buy: 1,914
5. CC: 1,300 lot (247.00M) [Mix] | Avg Buy: 1,900","1. OD: 6,413 lot (1.23B) [Bandar] | Avg Sell: 1,912
2. XL: 4,565 lot (868.72M) [Retail] | Avg Sell: 1,903
3. NI: 1,665 lot (318.01M) [Bandar] | Avg Sell: 1,910
4. XC: 1,349 lot (258.20M) [Retail] | Avg Sell: 1,914
5. LG: 681 lot (128.03M) [Bandar] | Avg Sell: 1,880",-857,"Buyer: Bandar 80%, Seller: Bandar 60% | Avg Buy Price: 1,907 | Avg Sell Price: 1,904",1906.6,,,1903.8,"[{'broker': 'AK', 'net_lot': 6303, 'net_value': 1198830600, 'avg_buy_price': 1902, 'avg_sell_price': None, 'category': 'Bandar'}, {'broker': 'BK', 'net_lot': 2476, 'net_value': 472668400, 'avg_buy_price': 1909, 'avg_sell_price': None, 'category': 'Bandar'}, {'broker': 'GR', 'net_lot': 2226, 'net_value': 424720800, 'avg_buy_price': 1908, 'avg_sell_price': None, 'category': 'Bandar'}, {'broker': 'YP', 'net_lot': 1511, 'net_value': 289205400, 'avg_buy_price': 1914, 'avg_sell_price': None, 'category': 'Mix'}, {'broker': 'CC', 'net_lot': 1300, 'net_value': 247000000, 'avg_buy_price': 1900, 'avg_sell_price': None, 'category': 'Mix'}]","[{'broker': 'OD', 'net_lot': 6413, 'net_value': 1226165600, 'avg_buy_price': None, 'avg_sell_price': 1912, 'category': 'Bandar'}, {'broker': 'XL', 'net_lot': 4565, 'net_value': 868719500, 'avg_buy_price': None, 'avg_sell_price': 1903, 'category': 'Retail'}, {'broker': 'NI', 'net_lot': 1665, 'net_value': 318015000, 'avg_buy_price': None, 'avg_sell_price': 1910, 'category': 'Bandar'}, {'broker': 'XC', 'net_lot': 1349, 'net_value': 258198600, 'avg_buy_price': None, 'avg_sell_price': 1914, 'category': 'Retail'}, {'broker': 'LG', 'net_lot': 681, 'net_value': 128028000, 'avg_buy_price': None, 'avg_sell_price': 1880, 'category': 'Bandar'}]"
MPMX,"1. AK: 2,929 lot (298.76M) [Bandar] | Avg Buy: 1,020
2. NI: 2,551 lot (260.20M) [Bandar] | Avg Buy: 1,020
3. ZP: 1,925 lot (196.16M) [Bandar] | Avg Buy: 1,019
4. LG: 1,222 lot (124.64M) [Bandar] | Avg Buy: 1,020
5. GR: 771 lot (78.64M) [Bandar] | Avg Buy: 1,020","1. YP: 5,293 lot (539.89M) [Mix] | Avg Sell: 1,020
2. XL: 3,746 lot (381.34M) [Retail] | Avg Sell: 1,018
3. CC: 1,105 lot (112.60M) [Mix] | Avg Sell: 1,019
4. AG: 790 lot (80.19M) [Bandar] | Avg Sell: 1,015
5. KK: 604 lot (61.73M) [Bandar] | Avg Sell: 1,022",-2140,"Buyer: Bandar 100%, Seller: Mix 55% | Avg Buy Price: 1,020 | Avg Sell Price: 1,019",1019.8,,,1018.8,"[{'broker': 'AK', 'net_lot': 2929, 'net_value': 298758000, 'avg_buy_price': 1020, 'avg_sell_price': None, 'category': 'Bandar'}, {'broker': 'NI', 'net_lot': 2551, 'net_value': 260202000, 'avg_buy_price': 1020, 'avg_sell_price': None, 'category': 'Bandar'}, {'broker': 'ZP', 'net_lot': 1925, 'net_value': 196157500, 'avg_buy_price': 1019, 'avg_sell_price': None, 'category': 'Bandar'}, {'broker': 'LG', 'net_lot': 1222, 'net_value': 124644000, 'avg_buy_price': 1020, 'avg_sell_price': None, 'category': 'Bandar'}, {'broker': 'GR', 'net_lot': 771, 'net_value': 78642000, 'avg_buy_price': 1020, 'avg_sell_price': None, 'category': 'Bandar'}]","[{'broker': 'YP', 'net_lot': 5293, 'net_value': 539886000, 'avg_buy_price': None, 'avg_sell_price': 1020, 'category': 'Mix'}, {'broker': 'XL', 'net_lot': 3746, 'net_value': 381342800, 'avg_buy_price': None, 'avg_sell_price': 1018, 'category': 'Retail'}, {'broker': 'CC', 'net_lot': 1105, 'net_value': 112599500, 'avg_buy_price': None, 'avg_sell_price': 1019, 'category': 'Mix'}, {'broker': 'AG', 'net_lot': 790, 'net_value': 80185000, 'avg_buy_price': None, 'avg_sell_price': 1015, 'category': 'Bandar'}, {'broker': 'KK', 'net_lot': 604, 'net_value': 61728800, 'avg_buy_price': None, 'avg_sell_price': 1022, 'category': 'Bandar'}]"
PGAS,"1. AK: 76,869 lot (17.02B) [Bandar] | Avg Buy: 2,214
2. RX: 29,334 lot (6.49B) [Bandar] | Avg Buy: 2,212
3. AZ: 14,531 lot (3.22B) [Retail] | Avg Buy: 2,215
4. AI: 13,576 lot (3.00B) [Bandar] | Avg Buy: 2,207
5. AO: 9,000 lot (2.00B) [Bandar] | Avg Buy: 2,220","1. BK: 29,271 lot (6.48B) [Bandar] | Avg Sell: 2,213
2. DP: 24,853 lot (5.50B) [Bandar] | Avg Sell: 2,212
3. CC: 20,796 lot (4.61B) [Mix] | Avg Sell: 2,215
4. BB: 19,174 lot (4.24B) [Mix] | Avg Sell: 2,209
5. DX: 17,777 lot (3.94B) [Bandar] | Avg Sell: 2,219",31439,"Buyer: Bandar 90%, Seller: Bandar 64% | Avg Buy Price: 2,214 | Avg Sell Price: 2,214",2213.6,,,2213.6,"[{'broker': 'AK', 'net_lot': 76869, 'net_value': 17018796600, 'avg_buy_price': 2214, 'avg_sell_price': None, 'category': 'Bandar'}, {'broker': 'RX', 'net_lot': 29334, 'net_value': 6488680800, 'avg_buy_price': 2212, 'avg_sell_price': None, 'category': 'Bandar'}, {'broker': 'AZ', 'net_lot': 14531, 'net_value': 3218616500, 'avg_buy_price': 2215, 'avg_sell_price': None, 'category': 'Retail'}, {'broker': 'AI', 'net_lot': 13576, 'net_value': 2996223200, 'avg_buy_price': 2207, 'avg_sell_price': None, 'category': 'Bandar'}, {'broker': 'AO', 'net_lot': 9000, 'net_value': 1998000000, 'avg_buy_price': 2220, 'avg_sell_price': None, 'category': 'Bandar'}]","[{'broker': 'BK', 'net_lot': 29271, 'net_value': 6477672300, 'avg_buy_price': None, 'avg_sell_price': 2213, 'category': 'Bandar'}, {'broker': 'DP', 'net_lot': 24853, 'net_value': 5497483600, 'avg_buy_price': None, 'avg_sell_price': 2212, 'category': 'Bandar'}, {'broker': 'CC', 'net_lot': 20796, 'net_value': 4606314000, 'avg_buy_price': None, 'avg_sell_price': 2215, 'category': 'Mix'}, {'broker': 'BB', 'net_lot': 19174, 'net_value': 4235536600, 'avg_buy_price': None, 'avg_sell_price': 2209, 'category': 'Mix'}, {'broker': 'DX', 'net_lot': 17777, 'net_value': 3944716300, 'avg_buy_price': None, 'avg_sell_price': 2219, 'category': 'Bandar'}]"
PKPK,"1. GR: 3,209 lot (683.84M) [Bandar] | Avg Buy: 2,131
2. SQ: 1,643 lot (345.03M) [Bandar] | Avg Buy: 2,100
3. HP: 874 lot (186.16M) [Bandar] | Avg Buy: 2,130
4. YU: 300 lot (63.09M) [Bandar] | Avg Buy: 2,103
5. OD: 64 lot (13.20M) [Bandar] | Avg Buy: 2,062","1. CP: 1,908 lot (394.57M) [Mix] | Avg Sell: 2,068
2. CC: 1,472 lot (311.33M) [Mix] | Avg Sell: 2,115
3. YP: 1,291 lot (275.89M) [Mix] | Avg Sell: 2,137
4. YB: 1,027 lot (217.72M) [Retail] | Avg Sell: 2,120
5. XA: 500 lot (105.00M) [Bandar] | Avg Sell: 2,100",-108,"Buyer: Bandar 100%, Seller: Mix 75% | Avg Buy Price: 2,105 | Avg Sell Price: 2,108",2105.2,,,2108.0,"[{'broker': 'GR', 'net_lot': 3209, 'net_value': 683837900, 'avg_buy_price': 2131, 'avg_sell_price': None, 'category': 'Bandar'}, {'broker': 'SQ', 'net_lot': 1643, 'net_value': 345030000, 'avg_buy_price': 2100, 'avg_sell_price': None, 'category': 'Bandar'}, {'broker': 'HP', 'net_lot': 874, 'net_value': 186162000, 'avg_buy_price': 2130, 'avg_sell_price': None, 'category': 'Bandar'}, {'broker': 'YU', 'net_lot': 300, 'net_value': 63090000, 'avg_buy_price': 2103, 'avg_sell_price': None, 'category': 'Bandar'}, {'broker': 'OD', 'net_lot': 64, 'net_value': 13196800, 'avg_buy_price': 2062, 'avg_sell_price': None, 'category': 'Bandar'}]","[{'broker': 'CP', 'net_lot': 1908, 'net_value': 394574400, 'avg_buy_price': None, 'avg_sell_price': 2068, 'category': 'Mix'}, {'broker': 'CC', 'net_lot': 1472, 'net_value': 311328000, 'avg_buy_price': None, 'avg_sell_price': 2115, 'category': 'Mix'}, {'broker': 'YP', 'net_lot': 1291, 'net_value': 275886700, 'avg_buy_price': None, 'avg_sell_price': 2137, 'category': 'Mix'}, {'broker': 'YB', 'net_lot': 1027, 'net_value': 217724000, 'avg_buy_price': None, 'avg_sell_price': 2120, 'category': 'Retail'}, {'broker': 'XA', 'net_lot': 500, 'net_value': 105000000, 'avg_buy_price': None, 'avg_sell_price': 2100, 'category': 'Bandar'}]"
SAFE,"1. PC: 1,939 lot (78.92M) [Bandar] | Avg Buy: 407
2. XL: 959 lot (38.74M) [Retail] | Avg Buy: 404
3. AZ: 467 lot (18.82M) [Retail] | Avg Buy: 403
4. YJ: 467 lot (18.77M) [Retail] | Avg Buy: 402
5. RG: 398 lot (16.00M) [Bandar] | Avg Buy: 402","1. EL: 1,462 lot (59.21M) [Bandar] | Avg Sell: 405
2. RO: 1,377 lot (56.18M) [Bandar] | Avg Sell: 408
3. AR: 394 lot (15.84M) [Bandar] | Avg Sell: 402
4. SF: 375 lot (15.04M) [Bandar] | Avg Sell: 401
5. HP: 90 lot (3.65M) [Bandar] | Avg Sell: 406",532,"Buyer: Bandar 55%, Seller: Bandar 100% | Avg Buy Price: 404 | Avg Sell Price: 404",403.6,,,404.4,"[{'broker': 'PC', 'net_lot': 1939, 'net_value': 78917300, 'avg_buy_price': 407, 'avg_sell_price': None, 'category': 'Bandar'}, {'broker': 'XL', 'net_lot': 959, 'net_value': 38743600, 'avg_buy_price': 404, 'avg_sell_price': None, 'category': 'Retail'}, {'broker': 'AZ', 'net_lot': 467, 'net_value': 18820100, 'avg_buy_price': 403, 'avg_sell_price': None, 'category': 'Retail'}, {'broker': 'YJ', 'net_lot': 467, 'net_value': 18773400, 'avg_buy_price': 402, 'avg_sell_price': None, 'category': 'Retail'}, {'broker': 'RG', 'net_lot': 398, 'net_value': 15999600, 'avg_buy_price': 402, 'avg_sell_price': None, 'category': 'Bandar'}]","[{'broker': 'EL', 'net_lot': 1462, 'net_value': 59211000, 'avg_buy_price': None, 'avg_sell_price': 405, 'category': 'Bandar'}, {'broker': 'RO', 'net_lot': 1377, 'net_value': 56181600, 'avg_buy_price': None, 'avg_sell_price': 408, 'category': 'Bandar'}, {'broker': 'AR', 'net_lot': 394, 'net_value': 15838800, 'avg_buy_price': None, 'avg_sell_price': 402, 'category': 'Bandar'}, {'broker': 'SF', 'net_lot': 375, 'net_value': 15037500, 'avg_buy_price': None, 'avg_sell_price': 401, 'category': 'Bandar'}, {'broker': 'HP', 'net_lot': 90, 'net_value': 3654000, 'avg_buy_price': None, 'avg_sell_price': 406, 'category': 'Bandar'}]"
SGRO,"1. SA: 12,466 lot (9.75B) [Bandar] | Avg Buy: 7,825
2. SQ: 140 lot (109.90M) [Bandar] | Avg Buy: 7,850
3. PD: 94 lot (73.79M) [Mix] | Avg Buy: 7,850
4. AK: 5 lot (3.92M) [Bandar] | Avg Buy: 7,850","1. BQ: 3,370 lot (2.64B) [Bandar] | Avg Sell: 7,825
2. AF: 2,000 lot (1.56B) [Retail] | Avg Sell: 7,825
3. BK: 1,639 lot (1.28B) [Bandar] | Avg Sell: 7,825
4. HP: 990 lot (774.67M) [Bandar] | Avg Sell: 7,825
5. OD: 979 lot (766.07M) [Bandar] | Avg Sell: 7,825",3727,"Buyer: Bandar 99%, Seller: Bandar 78% | Avg Buy Price: 7,844 | Avg Sell Price: 7,825",7843.75,,,7825.0,"[{'broker': 'SA', 'net_lot': 12466, 'net_value': 9754645000, 'avg_buy_price': 7825, 'avg_sell_price': None, 'category': 'Bandar'}, {'broker': 'SQ', 'net_lot': 140, 'net_value': 109900000, 'avg_buy_price': 7850, 'avg_sell_price': None, 'category': 'Bandar'}, {'broker': 'PD', 'net_lot': 94, 'net_value': 73790000, 'avg_buy_price': 7850, 'avg_sell_price': None, 'category': 'Mix'}, {'broker': 'AK', 'net_lot': 5, 'net_value': 3925000, 'avg_buy_price': 7850, 'avg_sell_price': None, 'category': 'Bandar'}]","[{'broker': 'BQ', 'net_lot': 3370, 'net_value': 2637025000, 'avg_buy_price': None, 'avg_sell_price': 7825, 'category': 'Bandar'}, {'broker': 'AF', 'net_lot': 2000, 'net_value': 1565000000, 'avg_buy_price': None, 'avg_sell_price': 7825, 'category': 'Retail'}, {'broker': 'BK', 'net_lot': 1639, 'net_value': 1282517500, 'avg_buy_price': None, 'avg_sell_price': 7825, 'category': 'Bandar'}, {'broker': 'HP', 'net_lot': 990, 'net_value': 774675000, 'avg_buy_price': None, 'avg_sell_price': 7825, 'category': 'Bandar'}, {'broker': 'OD', 'net_lot': 979, 'net_value': 766067500, 'avg_buy_price': None, 'avg_sell_price': 7825, 'category': 'Bandar'}]"
SILO,"1. XL: 993 lot (283.10M) [Retail] | Avg Buy: 2,851
2. XC: 221 lot (63.18M) [Retail] | Avg Buy: 2,859
3. BK: 130 lot (37.05M) [Bandar] | Avg Buy: 2,850
4. OD: 103 lot (29.25M) [Bandar] | Avg Buy: 2,840
5. IT: 10 lot (2.85M) [Bandar] | Avg Buy: 2,850","1. KK: 482 lot (137.13M) [Bandar] | Avg Sell: 2,845
2. EP: 218 lot (62.13M) [Mix] | Avg Sell: 2,850
3. CC: 212 lot (60.53M) [Mix] | Avg Sell: 2,855
4. CD: 190 lot (54.15M) [Bandar] | Avg Sell: 2,850
5. LG: 148 lot (42.59M) [Bandar] | Avg Sell: 2,878",207,"Buyer: Retail 83%, Seller: Bandar 66% | Avg Buy Price: 2,850 | Avg Sell Price: 2,856",2850.0,,,2855.6,"[{'broker': 'XL', 'net_lot': 993, 'net_value': 283104300, 'avg_buy_price': 2851, 'avg_sell_price': None, 'category': 'Retail'}, {'broker': 'XC', 'net_lot': 221, 'net_value': 63183900, 'avg_buy_price': 2859, 'avg_sell_price': None, 'category': 'Retail'}, {'broker': 'BK', 'net_lot': 130, 'net_value': 37050000, 'avg_buy_price': 2850, 'avg_sell_price': None, 'category': 'Bandar'}, {'broker': 'OD', 'net_lot': 103, 'net_value': 29252000, 'avg_buy_price': 2840, 'avg_sell_price': None, 'category': 'Bandar'}, {'broker': 'IT', 'net_lot': 10, 'net_value': 2850000, 'avg_buy_price': 2850, 'avg_sell_price': None, 'category': 'Bandar'}]","[{'broker': 'KK', 'net_lot': 482, 'net_value': 137129000, 'avg_buy_price': None, 'avg_sell_price': 2845, 'category': 'Bandar'}, {'broker': 'EP', 'net_lot': 218, 'net_value': 62130000, 'avg_buy_price': None, 'avg_sell_price': 2850, 'category': 'Mix'}, {'broker': 'CC', 'net_lot': 212, 'net_value': 60526000, 'avg_buy_price': None, 'avg_sell_price': 2855, 'category': 'Mix'}, {'broker': 'CD', 'net_lot': 190, 'net_value': 54150000, 'avg_buy_price': None, 'avg_sell_price': 2850, 'category': 'Bandar'}, {'broker': 'LG', 'net_lot': 148, 'net_value': 42594400, 'avg_buy_price': None, 'avg_sell_price': 2878, 'category': 'Bandar'}]"
SMAR,"1. BB: 1,000 lot (549.80M) [Mix] | Avg Buy: 5,498
2. AZ: 535 lot (303.77M) [Retail] | Avg Buy: 5,678
3. LG: 519 lot (293.81M) [Bandar] | Avg Buy: 5,661
4. AT: 368 lot (211.67M) [Bandar] | Avg Buy: 5,752
5. CC: 296 lot (165.52M) [Mix] | Avg Buy: 5,592","1. PD: 1,440 lot (799.20M) [Mix] | Avg Sell: 5,550
2. XL: 634 lot (356.75M) [Retail] | Avg Sell: 5,627
3. SQ: 241 lot (134.69M) [Bandar] | Avg Sell: 5,589
4. OD: 223 lot (126.64M) [Bandar] | Avg Sell: 5,679
5. YP: 160 lot (88.18M) [Mix] | Avg Sell: 5,511",20,"Buyer: Mix 48%, Seller: Mix 59% | Avg Buy Price: 5,636 | Avg Sell Price: 5,591",5636.2,,,5591.2,"[{'broker': 'BB', 'net_lot': 1000, 'net_value': 549800000, 'avg_buy_price': 5498, 'avg_sell_price': None, 'category': 'Mix'}, {'broker': 'AZ', 'net_lot': 535, 'net_value': 303773000, 'avg_buy_price': 5678, 'avg_sell_price': None, 'category': 'Retail'}, {'broker': 'LG', 'net_lot': 519, 'net_value': 293805900, 'avg_buy_price': 5661, 'avg_sell_price': None, 'category': 'Bandar'}, {'broker': 'AT', 'net_lot': 368, 'net_value': 211673600, 'avg_buy_price': 5752, 'avg_sell_price': None, 'category': 'Bandar'}, {'broker': 'CC', 'net_lot': 296, 'net_value': 165523200, 'avg_buy_price': 5592, 'avg_sell_price': None, 'category': 'Mix'}]","[{'broker': 'PD', 'net_lot': 1440, 'net_value': 799200000, 'avg_buy_price': None, 'avg_sell_price': 5550, 'category': 'Mix'}, {'broker': 'XL', 'net_lot': 634, 'net_value': 356751800, 'avg_buy_price': None, 'avg_sell_price': 5627, 'category': 'Retail'}, {'broker': 'SQ', 'net_lot': 241, 'net_value': 134694900, 'avg_buy_price': None, 'avg_sell_price': 5589, 'category': 'Bandar'}, {'broker': 'OD', 'net_lot': 223, 'net_value': 126641700, 'avg_buy_price': None, 'avg_sell_price': 5679, 'category': 'Bandar'}, {'broker': 'YP', 'net_lot': 160, 'net_value': 88176000, 'avg_buy_price': None, 'avg_sell_price': 5511, 'category': 'Mix'}]"
ULTJ,"1. YP: 20,979 lot (3.17B) [Mix] | Avg Buy: 1,512
2. ZP: 9,127 lot (1.40B) [Bandar] | Avg Buy: 1,531
3. AI: 4,003 lot (608.46M) [Bandar] | Avg Buy: 1,520
4. LG: 3,883 lot (591.38M) [Bandar] | Avg Buy: 1,523
5. KZ: 3,000 lot (455.40M) [Mix] | Avg Buy: 1,518","1. AK: 36,122 lot (5.47B) [Bandar] | Avg Sell: 1,515
2. CC: 11,640 lot (1.77B) [Mix] | Avg Sell: 1,523
3. BK: 4,307 lot (656.39M) [Bandar] | Avg Sell: 1,524
4. YU: 2,158 lot (328.45M) [Bandar] | Avg Sell: 1,522
5. BB: 1,425 lot (217.46M) [Mix] | Avg Sell: 1,526",-14660,"Buyer: Mix 58%, Seller: Bandar 77% | Avg Buy Price: 1,521 | Avg Sell Price: 1,522",1520.8,,,1522.0,"[{'broker': 'YP', 'net_lot': 20979, 'net_value': 3172024800, 'avg_buy_price': 1512, 'avg_sell_price': None, 'category': 'Mix'}, {'broker': 'ZP', 'net_lot': 9127, 'net_value': 1397343700, 'avg_buy_price': 1531, 'avg_sell_price': None, 'category': 'Bandar'}, {'broker': 'AI', 'net_lot': 4003, 'net_value': 608456000, 'avg_buy_price': 1520, 'avg_sell_price': None, 'category': 'Bandar'}, {'broker': 'LG', 'net_lot': 3883, 'net_value': 591380900, 'avg_buy_price': 1523, 'avg_sell_price': None, 'category': 'Bandar'}, {'broker': 'KZ', 'net_lot': 3000, 'net_value': 455400000, 'avg_buy_price': 1518, 'avg_sell_price': None, 'category': 'Mix'}]","[{'broker': 'AK', 'net_lot': 36122, 'net_value': 5472483000, 'avg_buy_price': None, 'avg_sell_price': 1515, 'category': 'Bandar'}, {'broker': 'CC', 'net_lot': 11640, 'net_value': 1772772000, 'avg_buy_price': None, 'avg_sell_price': 1523, 'category': 'Mix'}, {'broker': 'BK', 'net_lot': 4307, 'net_value': 656386800, 'avg_buy_price': None, 'avg_sell_price': 1524, 'category': 'Bandar'}, {'broker': 'YU', 'net_lot': 2158, 'net_value': 328447600, 'avg_buy_price': None, 'avg_sell_price': 1522, 'category': 'Bandar'}, {'broker': 'BB', 'net_lot': 1425, 'net_value': 217455000, 'avg_buy_price': None, 'avg_sell_price': 1526, 'category': 'Mix'}]"
WIIM,"1. NI: 5,444 lot (1.06B) [Bandar] | Avg Buy: 1,942
2. XL: 3,914 lot (758.53M) [Retail] | Avg Buy: 1,938
3. AI: 2,374 lot (457.94M) [Bandar] | Avg Buy: 1,929
4. LG: 1,630 lot (316.06M) [Bandar] | Avg Buy: 1,939
5. HP: 1,310 lot (254.66M) [Bandar] | Avg Buy: 1,944","1. PD: 14,589 lot (2.81B) [Mix] | Avg Sell: 1,926
2. CC: 2,550 lot (494.70M) [Mix] | Avg Sell: 1,940
3. BK: 1,213 lot (235.93M) [Bandar] | Avg Sell: 1,945
4. BQ: 745 lot (144.90M) [Bandar] | Avg Sell: 1,945
5. AZ: 543 lot (105.89M) [Retail] | Avg Sell: 1,950",-4968,"Buyer: Bandar 73%, Seller: Mix 87% | Avg Buy Price: 1,938 | Avg Sell Price: 1,941",1938.4,,,1941.2,"[{'broker': 'NI', 'net_lot': 5444, 'net_value': 1057224800, 'avg_buy_price': 1942, 'avg_sell_price': None, 'category': 'Bandar'}, {'broker': 'XL', 'net_lot': 3914, 'net_value': 758533200, 'avg_buy_price': 1938, 'avg_sell_price': None, 'category': 'Retail'}, {'broker': 'AI', 'net_lot': 2374, 'net_value': 457944600, 'avg_buy_price': 1929, 'avg_sell_price': None, 'category': 'Bandar'}, {'broker': 'LG', 'net_lot': 1630, 'net_value': 316057000, 'avg_buy_price': 1939, 'avg_sell_price': None, 'category': 'Bandar'}, {'broker': 'HP', 'net_lot': 1310, 'net_value': 254664000, 'avg_buy_price': 1944, 'avg_sell_price': None, 'category': 'Bandar'}]","[{'broker': 'PD', 'net_lot': 14589, 'net_value': 2809841400, 'avg_buy_price': None, 'avg_sell_price': 1926, 'category': 'Mix'}, {'broker': 'CC', 'net_lot': 2550, 'net_value': 494700000, 'avg_buy_price': None, 'avg_sell_price': 1940, 'category': 'Mix'}, {'broker': 'BK', 'net_lot': 1213, 'net_value': 235928500, 'avg_buy_price': None, 'avg_sell_price': 1945, 'category': 'Bandar'}, {'broker': 'BQ', 'net_lot': 745, 'net_value': 144902500, 'avg_buy_price': None, 'avg_sell_price': 1945, 'category': 'Bandar'}, {'broker': 'AZ', 'net_lot': 543, 'net_value': 105885000, 'avg_buy_price': None, 'avg_sell_price': 1950, 'category': 'Retail'}]"
BHAT,"1. FS: 121 lot (17.79M) [Bandar] | Avg Buy: 1,470","1. CC: 294 lot (46.01M) [Mix] | Avg Sell: 1,565
2. ZP: 66 lot (9.81M) [Bandar] | Avg Sell: 1,487
3. BK: 52 lot (7.68M) [Bandar] | Avg Sell: 1,476",-291,"Buyer: Bandar 100%, Seller: Mix 71% | Avg Buy Price: 1,470 | Avg Sell Price: 1,509",1470.0,,,1509.3333333333333,"[{'broker': 'FS', 'net_lot': 121, 'net_value': 17787000, 'avg_buy_price': 1470, 'avg_sell_price': None, 'category': 'Bandar'}]","[{'broker': 'CC', 'net_lot': 294, 'net_value': 46011000, 'avg_buy_price': None, 'avg_sell_price': 1565, 'category': 'Mix'}, {'broker': 'ZP', 'net_lot': 66, 'net_value': 9814200, 'avg_buy_price': None, 'avg_sell_price': 1487, 'category': 'Bandar'}, {'broker': 'BK', 'net_lot': 52, 'net_value': 7675200, 'avg_buy_price': None, 'avg_sell_price': 1476, 'category': 'Bandar'}]"
CASH,"1. CC: 9,799 lot (149.92M) [Mix] | Avg Buy: 153
2. SQ: 4,384 lot (68.83M) [Bandar] | Avg Buy: 157
3. YP: 3,665 lot (55.34M) [Mix] | Avg Buy: 151
4. KK: 2,094 lot (31.62M) [Bandar] | Avg Buy: 151
5. GR: 2,000 lot (30.00M) [Bandar] | Avg Buy: 150","1. IN: 8,406 lot (126.93M) [Bandar] | Avg Sell: 151
2. XL: 5,593 lot (85.57M) [Retail] | Avg Sell: 153
3. XA: 3,975 lot (64.39M) [Bandar] | Avg Sell: 162
4. NI: 3,262 lot (50.23M) [Bandar] | Avg Sell: 154
5. EP: 2,300 lot (34.96M) [Mix] | Avg Sell: 152",-1594,"Buyer: Mix 61%, Seller: Bandar 66% | Avg Buy Price: 152 | Avg Sell Price: 154",152.4,,,154.4,"[{'broker': 'CC', 'net_lot': 9799, 'net_value': 149924700, 'avg_buy_price': 153, 'avg_sell_price': None, 'category': 'Mix'}, {'broker': 'SQ', 'net_lot': 4384, 'net_value': 68828800, 'avg_buy_price': 157, 'avg_sell_price': None, 'category': 'Bandar'}, {'broker': 'YP', 'net_lot': 3665, 'net_value': 55341500, 'avg_buy_price': 151, 'avg_sell_price': None, 'category': 'Mix'}, {'broker': 'KK', 'net_lot': 2094, 'net_value': 31619400, 'avg_buy_price': 151, 'avg_sell_price': None, 'category': 'Bandar'}, {'broker': 'GR', 'net_lot': 2000, 'net_value': 30000000, 'avg_buy_price': 150, 'avg_sell_price': None, 'category': 'Bandar'}]","[{'broker': 'IN', 'net_lot': 8406, 'net_value': 126930600, 'avg_buy_price': None, 'avg_sell_price': 151, 'category': 'Bandar'}, {'broker': 'XL', 'net_lot': 5593, 'net_value': 85572900, 'avg_buy_price': None, 'avg_sell_price': 153, 'category': 'Retail'}, {'broker': 'XA', 'net_lot': 3975, 'net_value': 64395000, 'avg_buy_price': None, 'avg_sell_price': 162, 'category': 'Bandar'}, {'broker': 'NI', 'net_lot': 3262, 'net_value': 50234800, 'avg_buy_price': None, 'avg_sell_price': 154, 'category': 'Bandar'}, {'broker': 'EP', 'net_lot': 2300, 'net_value': 34960000, 'avg_buy_price': None, 'avg_sell_price': 152, 'category': 'Mix'}]"
SOHO,"1. XL: 393 lot (106.97M) [Retail] | Avg Buy: 2,722
2. LG: 206 lot (57.76M) [Bandar] | Avg Buy: 2,804
3. SQ: 142 lot (39.04M) [Bandar] | Avg Buy: 2,749
4. OD: 146 lot (38.53M) [Bandar] | Avg Buy: 2,639
5. NI: 115 lot (30.81M) [Bandar] | Avg Buy: 2,679","1. XC: 362 lot (97.12M) [Retail] | Avg Sell: 2,683
2. XA: 291 lot (83.37M) [Bandar] | Avg Sell: 2,865
3. CP: 138 lot (37.26M) [Mix] | Avg Sell: 2,700
4. DH: 104 lot (27.47M) [Bandar] | Avg Sell: 2,641
5. KK: 100 lot (26.82M) [Bandar] | Avg Sell: 2,682",7,"Buyer: Bandar 61%, Seller: Bandar 50% | Avg Buy Price: 2,719 | Avg Sell Price: 2,714",2718.6,,,2714.2,"[{'broker': 'XL', 'net_lot': 393, 'net_value': 106974600, 'avg_buy_price': 2722, 'avg_sell_price': None, 'category': 'Retail'}, {'broker': 'LG', 'net_lot': 206, 'net_value': 57762400, 'avg_buy_price': 2804, 'avg_sell_price': None, 'category': 'Bandar'}, {'broker': 'SQ', 'net_lot': 142, 'net_value': 39035800, 'avg_buy_price': 2749, 'avg_sell_price': None, 'category': 'Bandar'}, {'broker': 'OD', 'net_lot': 146, 'net_value': 38529400, 'avg_buy_price': 2639, 'avg_sell_price': None, 'category': 'Bandar'}, {'broker': 'NI', 'net_lot': 115, 'net_value': 30808500, 'avg_buy_price': 2679, 'avg_sell_price': None, 'category': 'Bandar'}]","[{'broker': 'XC', 'net_lot': 362, 'net_value': 97124600, 'avg_buy_price': None, 'avg_sell_price': 2683, 'category': 'Retail'}, {'broker': 'XA', 'net_lot': 291, 'net_value': 83371500, 'avg_buy_price': None, 'avg_sell_price': 2865, 'category': 'Bandar'}, {'broker': 'CP', 'net_lot': 138, 'net_value': 37260000, 'avg_buy_price': None, 'avg_sell_price': 2700, 'category': 'Mix'}, {'broker': 'DH', 'net_lot': 104, 'net_value': 27466400, 'avg_buy_price': None, 'avg_sell_price': 2641, 'category': 'Bandar'}, {'broker': 'KK', 'net_lot': 100, 'net_value': 26820000, 'avg_buy_price': None, 'avg_sell_price': 2682, 'category': 'Bandar'}]"
EDGE,"1. XL: 474 lot (236.19M) [Retail] | Avg Buy: 4,983
2. PC: 1 lot (495,000) [Bandar] | Avg Buy: 4,950","1. OD: 301 lot (149.99M) [Bandar] | Avg Sell: 4,983
2. YP: 100 lot (49.75M) [Mix] | Avg Sell: 4,975
3. LG: 87 lot (43.52M) [Bandar] | Avg Sell: 5,002
4. CC: 45 lot (22.80M) [Mix] | Avg Sell: 5,066",-58,"Buyer: Retail 100%, Seller: Bandar 73% | Avg Buy Price: 4,966 | Avg Sell Price: 5,006",4966.5,,,5006.5,"[{'broker': 'XL', 'net_lot': 474, 'net_value': 236194200, 'avg_buy_price': 4983, 'avg_sell_price': None, 'category': 'Retail'}, {'broker': 'PC', 'net_lot': 1, 'net_value': 495000, 'avg_buy_price': 4950, 'avg_sell_price': None, 'category': 'Bandar'}]","[{'broker': 'OD', 'net_lot': 301, 'net_value': 149988300, 'avg_buy_price': None, 'avg_sell_price': 4983, 'category': 'Bandar'}, {'broker': 'YP', 'net_lot': 100, 'net_value': 49750000, 'avg_buy_price': None, 'avg_sell_price': 4975, 'category': 'Mix'}, {'broker': 'LG', 'net_lot': 87, 'net_value': 43517400, 'avg_buy_price': None, 'avg_sell_price': 5002, 'category': 'Bandar'}, {'broker': 'CC', 'net_lot': 45, 'net_value': 22797000, 'avg_buy_price': None, 'avg_sell_price': 5066, 'category': 'Mix'}]"
BAUT,"1. XL: 96,276 lot (510.26M) [Retail] | Avg Buy: 53
2. CC: 25,362 lot (131.88M) [Mix] | Avg Buy: 52
3. DH: 14,984 lot (79.42M) [Bandar] | Avg Buy: 53
4. PD: 6,793 lot (36.00M) [Mix] | Avg Buy: 53
5. SQ: 5,470 lot (28.99M) [Bandar] | Avg Buy: 53","1. CP: 75,796 lot (401.72M) [Mix] | Avg Sell: 53
2. MG: 22,756 lot (120.61M) [Mix] | Avg Sell: 53
3. GR: 17,993 lot (97.16M) [Bandar] | Avg Sell: 54
4. IU: 13,294 lot (71.79M) [Bandar] | Avg Sell: 54
5. AI: 9,000 lot (46.80M) [Bandar] | Avg Sell: 52",10046,"Buyer: Retail 65%, Seller: Mix 71% | Avg Buy Price: 53 | Avg Sell Price: 53",52.8,,,53.2,"[{'broker': 'XL', 'net_lot': 96276, 'net_value': 510262800, 'avg_buy_price': 53, 'avg_sell_price': None, 'category': 'Retail'}, {'broker': 'CC', 'net_lot': 25362, 'net_value': 131882400, 'avg_buy_price': 52, 'avg_sell_price': None, 'category': 'Mix'}, {'broker': 'DH', 'net_lot': 14984, 'net_value': 79415200, 'avg_buy_price': 53, 'avg_sell_price': None, 'category': 'Bandar'}, {'broker': 'PD', 'net_lot': 6793, 'net_value': 36002900, 'avg_buy_price': 53, 'avg_sell_price': None, 'category': 'Mix'}, {'broker': 'SQ', 'net_lot': 5470, 'net_value': 28991000, 'avg_buy_price': 53, 'avg_sell_price': None, 'category': 'Bandar'}]","[{'broker': 'CP', 'net_lot': 75796, 'net_value': 401718800, 'avg_buy_price': None, 'avg_sell_price': 53, 'category': 'Mix'}, {'broker': 'MG', 'net_lot': 22756, 'net_value': 120606800, 'avg_buy_price': None, 'avg_sell_price': 53, 'category': 'Mix'}, {'broker': 'GR', 'net_lot': 17993, 'net_value': 97162200, 'avg_buy_price': None, 'avg_sell_price': 54, 'category': 'Bandar'}, {'broker': 'IU', 'net_lot': 13294, 'net_value': 71787600, 'avg_buy_price': None, 'avg_sell_price': 54, 'category': 'Bandar'}, {'broker': 'AI', 'net_lot': 9000, 'net_value': 46800000, 'avg_buy_price': None, 'avg_sell_price': 52, 'category': 'Bandar'}]"
ELPI,"1. PD: 2,873 lot (389.58M) [Mix] | Avg Buy: 1,356
2. TP: 693 lot (93.42M) [Bandar] | Avg Buy: 1,348
3. AG: 254 lot (34.80M) [Bandar] | Avg Buy: 1,370
4. YP: 218 lot (29.69M) [Mix] | Avg Buy: 1,362
5. AK: 180 lot (24.70M) [Bandar] | Avg Buy: 1,372","1. XL: 1,986 lot (266.52M) [Retail] | Avg Sell: 1,342
2. LG: 1,393 lot (189.59M) [Bandar] | Avg Sell: 1,361
3. KK: 630 lot (86.25M) [Bandar] | Avg Sell: 1,369
4. ZP: 272 lot (37.70M) [Bandar] | Avg Sell: 1,386
5. CP: 220 lot (29.77M) [Mix] | Avg Sell: 1,353",-283,"Buyer: Mix 73%, Seller: Bandar 51% | Avg Buy Price: 1,362 | Avg Sell Price: 1,362",1361.6,,,1362.2,"[{'broker': 'PD', 'net_lot': 2873, 'net_value': 389578800, 'avg_buy_price': 1356, 'avg_sell_price': None, 'category': 'Mix'}, {'broker': 'TP', 'net_lot': 693, 'net_value': 93416400, 'avg_buy_price': 1348, 'avg_sell_price': None, 'category': 'Bandar'}, {'broker': 'AG', 'net_lot': 254, 'net_value': 34798000, 'avg_buy_price': 1370, 'avg_sell_price': None, 'category': 'Bandar'}, {'broker': 'YP', 'net_lot': 218, 'net_value': 29691600, 'avg_buy_price': 1362, 'avg_sell_price': None, 'category': 'Mix'}, {'broker': 'AK', 'net_lot': 180, 'net_value': 24696000, 'avg_buy_price': 1372, 'avg_sell_price': None, 'category': 'Bandar'}]","[{'broker': 'XL', 'net_lot': 1986, 'net_value': 266521200, 'avg_buy_price': None, 'avg_sell_price': 1342, 'category': 'Retail'}, {'broker': 'LG', 'net_lot': 1393, 'net_value': 189587300, 'avg_buy_price': None, 'avg_sell_price': 1361, 'category': 'Bandar'}, {'broker': 'KK', 'net_lot': 630, 'net_value': 86247000, 'avg_buy_price': None, 'avg_sell_price': 1369, 'category': 'Bandar'}, {'broker': 'ZP', 'net_lot': 272, 'net_value': 37699200, 'avg_buy_price': None, 'avg_sell_price': 1386, 'category': 'Bandar'}, {'broker': 'CP', 'net_lot': 220, 'net_value': 29766000, 'avg_buy_price': None, 'avg_sell_price': 1353, 'category': 'Mix'}]"
KDTN,"1. ZP: 3,392 lot (420.95M) [Bandar] | Avg Buy: 1,241
2. CC: 1,712 lot (211.09M) [Mix] | Avg Buy: 1,233
3. PD: 1,647 lot (203.57M) [Mix] | Avg Buy: 1,236
4. TP: 327 lot (39.67M) [Bandar] | Avg Buy: 1,213
5. YU: 250 lot (31.38M) [Bandar] | Avg Buy: 1,255","1. XL: 2,879 lot (354.98M) [Retail] | Avg Sell: 1,233
2. SQ: 1,049 lot (129.76M) [Bandar] | Avg Sell: 1,237
3. BK: 1,062 lot (128.50M) [Bandar] | Avg Sell: 1,210
4. OK: 1,000 lot (125.40M) [Retail] | Avg Sell: 1,254
5. AK: 633 lot (79.06M) [Bandar] | Avg Sell: 1,249",705,"Buyer: Bandar 54%, Seller: Retail 59% | Avg Buy Price: 1,236 | Avg Sell Price: 1,237",1235.6,,,1236.6,"[{'broker': 'ZP', 'net_lot': 3392, 'net_value': 420947200, 'avg_buy_price': 1241, 'avg_sell_price': None, 'category': 'Bandar'}, {'broker': 'CC', 'net_lot': 1712, 'net_value': 211089600, 'avg_buy_price': 1233, 'avg_sell_price': None, 'category': 'Mix'}, {'broker': 'PD', 'net_lot': 1647, 'net_value': 203569200, 'avg_buy_price': 1236, 'avg_sell_price': None, 'category': 'Mix'}, {'broker': 'TP', 'net_lot': 327, 'net_value': 39665100, 'avg_buy_price': 1213, 'avg_sell_price': None, 'category': 'Bandar'}, {'broker': 'YU', 'net_lot': 250, 'net_value': 31375000, 'avg_buy_price': 1255, 'avg_sell_price': None, 'category': 'Bandar'}]","[{'broker': 'XL', 'net_lot': 2879, 'net_value': 354980700, 'avg_buy_price': None, 'avg_sell_price': 1233, 'category': 'Retail'}, {'broker': 'SQ', 'net_lot': 1049, 'net_value': 129761300, 'avg_buy_price': None, 'avg_sell_price': 1237, 'category': 'Bandar'}, {'broker': 'BK', 'net_lot': 1062, 'net_value': 128502000, 'avg_buy_price': None, 'avg_sell_price': 1210, 'category': 'Bandar'}, {'broker': 'OK', 'net_lot': 1000, 'net_value': 125400000, 'avg_buy_price': None, 'avg_sell_price': 1254, 'category': 'Retail'}, {'broker': 'AK', 'net_lot': 633, 'net_value': 79061700, 'avg_buy_price': None, 'avg_sell_price': 1249, 'category': 'Bandar'}]"
HAJJ,"1. YP: 6,547 lot (106.72M) [Mix] | Avg Buy: 163
2. BK: 2,732 lot (44.80M) [Bandar] | Avg Buy: 164
3. OD: 2,407 lot (38.75M) [Bandar] | Avg Buy: 161
4. NI: 1,878 lot (30.05M) [Bandar] | Avg Buy: 160
5. GR: 1,370 lot (22.19M) [Bandar] | Avg Buy: 162","1. CC: 5,784 lot (92.54M) [Mix] | Avg Sell: 160
2. XL: 4,826 lot (78.18M) [Retail] | Avg Sell: 162
3. SQ: 2,537 lot (40.34M) [Bandar] | Avg Sell: 159
4. TP: 2,131 lot (34.31M) [Bandar] | Avg Sell: 161
5. AK: 1,392 lot (22.55M) [Bandar] | Avg Sell: 162",-1736,"Buyer: Bandar 56%, Seller: Bandar 36% | Avg Buy Price: 162 | Avg Sell Price: 161",162.0,,,160.8,"[{'broker': 'YP', 'net_lot': 6547, 'net_value': 106716100, 'avg_buy_price': 163, 'avg_sell_price': None, 'category': 'Mix'}, {'broker': 'BK', 'net_lot': 2732, 'net_value': 44804800, 'avg_buy_price': 164, 'avg_sell_price': None, 'category': 'Bandar'}, {'broker': 'OD', 'net_lot': 2407, 'net_value': 38752700, 'avg_buy_price': 161, 'avg_sell_price': None, 'category': 'Bandar'}, {'broker': 'NI', 'net_lot': 1878, 'net_value': 30048000, 'avg_buy_price': 160, 'avg_sell_price': None, 'category': 'Bandar'}, {'broker': 'GR', 'net_lot': 1370, 'net_value': 22194000, 'avg_buy_price': 162, 'avg_sell_price': None, 'category': 'Bandar'}]","[{'broker': 'CC', 'net_lot': 5784, 'net_value': 92544000, 'avg_buy_price': None, 'avg_sell_price': 160, 'category': 'Mix'}, {'broker': 'XL', 'net_lot': 4826, 'net_value': 78181200, 'avg_buy_price': None, 'avg_sell_price': 162, 'category': 'Retail'}, {'broker': 'SQ', 'net_lot': 2537, 'net_value': 40338300, 'avg_buy_price': None, 'avg_sell_price': 159, 'category': 'Bandar'}, {'broker': 'TP', 'net_lot': 2131, 'net_value': 34309100, 'avg_buy_price': None, 'avg_sell_price': 161, 'category': 'Bandar'}, {'broker': 'AK', 'net_lot': 1392, 'net_value': 22550400, 'avg_buy_price': None, 'avg_sell_price': 162, 'category': 'Bandar'}]"
KAQI,"1. YP: 57,685 lot (507.63M) [Mix] | Avg Buy: 88
2. XL: 38,931 lot (338.70M) [Retail] | Avg Buy: 87
3. CC: 13,270 lot (115.45M) [Mix] | Avg Buy: 87
4. NI: 12,925 lot (109.86M) [Bandar] | Avg Buy: 85
5. RG: 10,000 lot (88.00M) [Bandar] | Avg Buy: 88","1. GR: 65,115 lot (573.01M) [Bandar] | Avg Sell: 88
2. AK: 18,864 lot (162.23M) [Bandar] | Avg Sell: 86
3. CP: 16,421 lot (142.86M) [Mix] | Avg Sell: 87
4. EP: 14,257 lot (125.46M) [Mix] | Avg Sell: 88
5. PD: 11,276 lot (98.10M) [Mix] | Avg Sell: 87",6878,"Buyer: Mix 53%, Seller: Bandar 67% | Avg Buy Price: 87 | Avg Sell Price: 87",87.0,,,87.2,"[{'broker': 'YP', 'net_lot': 57685, 'net_value': 507628000, 'avg_buy_price': 88, 'avg_sell_price': None, 'category': 'Mix'}, {'broker': 'XL', 'net_lot': 38931, 'net_value': 338699700, 'avg_buy_price': 87, 'avg_sell_price': None, 'category': 'Retail'}, {'broker': 'CC', 'net_lot': 13270, 'net_value': 115449000, 'avg_buy_price': 87, 'avg_sell_price': None, 'category': 'Mix'}, {'broker': 'NI', 'net_lot': 12925, 'net_value': 109862500, 'avg_buy_price': 85, 'avg_sell_price': None, 'category': 'Bandar'}, {'broker': 'RG', 'net_lot': 10000, 'net_value': 88000000, 'avg_buy_price': 88, 'avg_sell_price': None, 'category': 'Bandar'}]","[{'broker': 'GR', 'net_lot': 65115, 'net_value': 573012000, 'avg_buy_price': None, 'avg_sell_price': 88, 'category': 'Bandar'}, {'broker': 'AK', 'net_lot': 18864, 'net_value': 162230400, 'avg_buy_price': None, 'avg_sell_price': 86, 'category': 'Bandar'}, {'broker': 'CP', 'net_lot': 16421, 'net_value': 142862700, 'avg_buy_price': None, 'avg_sell_price': 87, 'category': 'Mix'}, {'broker': 'EP', 'net_lot': 14257, 'net_value': 125461600, 'avg_buy_price': None, 'avg_sell_price': 88, 'category': 'Mix'}, {'broker': 'PD', 'net_lot': 11276, 'net_value': 98101200, 'avg_buy_price': None, 'avg_sell_price': 87, 'category': 'Mix'}]"
MSJA,"1. MG: 57,000 lot (2.20B) [Mix] | Avg Buy: 386
2. AK: 27,512 lot (1.08B) [Bandar] | Avg Buy: 391
3. BK: 12,073 lot (473.26M) [Bandar] | Avg Buy: 392
4. CC: 5,680 lot (223.79M) [Mix] | Avg Buy: 394
5. ZP: 3,704 lot (145.20M) [Bandar] | Avg Buy: 392","1. AZ: 56,782 lot (2.20B) [Retail] | Avg Sell: 387
2. IN: 35,405 lot (1.39B) [Bandar] | Avg Sell: 393
3. YP: 6,913 lot (277.21M) [Mix] | Avg Sell: 401
4. TP: 5,064 lot (195.98M) [Bandar] | Avg Sell: 387
5. NI: 3,777 lot (146.17M) [Bandar] | Avg Sell: 387",-1972,"Buyer: Mix 59%, Seller: Retail 53% | Avg Buy Price: 391 | Avg Sell Price: 391",391.0,,,391.0,"[{'broker': 'MG', 'net_lot': 57000, 'net_value': 2200200000, 'avg_buy_price': 386, 'avg_sell_price': None, 'category': 'Mix'}, {'broker': 'AK', 'net_lot': 27512, 'net_value': 1075719200, 'avg_buy_price': 391, 'avg_sell_price': None, 'category': 'Bandar'}, {'broker': 'BK', 'net_lot': 12073, 'net_value': 473261600, 'avg_buy_price': 392, 'avg_sell_price': None, 'category': 'Bandar'}, {'broker': 'CC', 'net_lot': 5680, 'net_value': 223792000, 'avg_buy_price': 394, 'avg_sell_price': None, 'category': 'Mix'}, {'broker': 'ZP', 'net_lot': 3704, 'net_value': 145196800, 'avg_buy_price': 392, 'avg_sell_price': None, 'category': 'Bandar'}]","[{'broker': 'AZ', 'net_lot': 56782, 'net_value': 2197463400, 'avg_buy_price': None, 'avg_sell_price': 387, 'category': 'Retail'}, {'broker': 'IN', 'net_lot': 35405, 'net_value': 1391416500, 'avg_buy_price': None, 'avg_sell_price': 393, 'category': 'Bandar'}, {'broker': 'YP', 'net_lot': 6913, 'net_value': 277211300, 'avg_buy_price': None, 'avg_sell_price': 401, 'category': 'Mix'}, {'broker': 'TP', 'net_lot': 5064, 'net_value': 195976800, 'avg_buy_price': None, 'avg_sell_price': 387, 'category': 'Bandar'}, {'broker': 'NI', 'net_lot': 3777, 'net_value': 146169900, 'avg_buy_price': None, 'avg_sell_price': 387, 'category': 'Bandar'}]"
